2644 4450
363 231 458 315 2'
670 223 677 231 ’
748 254 759 267 ’
822 339 839 352 ·
924 238 1253 361 n'm‘pt.
1296 252 1860 349 wVENAms

368 422 439 485 Si
484 400 681 485 vacat·
703 434 773 485 et
790 406 1068 505 ’placidi
1096 410 1422 501 {ationem
1461 406 1802 487 admittitis
1820 471 1836 500 ,
1883 424 2090 485 edam.

370 544 592 623 Quum
633 556 820 603 tener
863 562 1133 604 uxorem
1178 546 1372 605 ducat
1413 546 1641 627 spado:
1705 546 1964 607 Maevia
2007 546 2296 605 Tuscum

364 662 549 745 Figat
594 682 824 744 aprum
867 676 933 723 et
974 665 1153 725 nuda
1193 678 1412 726 teneat
1457 666 1778 727 venabula
1818 668 2137 725 mamma:

363 782 675 842 Patricios
733 800 955 845 omnes
1000 782 1227 866 opibus
1274 804 1475 866 quum
1517 797 1823 867 provocet
1873 804 2067 857 unus,

366 902 514 981 Quo
558 902 897 965 tondente*
930 907 1139 987 gravis
1180 906 1404 965 iuveni
1446 904 1615 965 mihi
1657 904 1862 965 barba
1903 900 2203 963 sonabat:
2337 900 2425 965 25

368 1022 590 1100 Quum
649 1042 792 1105 pars
836 1022 1127 1085 Niliacae
1171 1024 1376 1105 plebis
1395 1070 1412 1099 ,
1469 1044 1914 1119 quumgverna
1955 1023 2210 1103 Canopi

370 1141 731 1224 Crispinus,
774 1142 1015 1223 ‘Tyrias
1058 1144 1334 1207 humero
1377 1156 1722 1205 revocante
1766 1144 2086 1217 lacernas,

371 1262 655 1323 Ventilet
698 1264 1010 1323 aestivum
1056 1263 1269 1345 digitis
1310 1262 1687 1324 sudantibus
1733 1282 1998 1350 aurumffl,

364 1380 499 1443 Nec
542 1379 809 1443 sufferre
856 1395 1047 1463 queat
1076 1384 1352 1442 maioris
1393 1384 1684 1463 pondera
1725 1402 2052 1463 gemmae:

358 1498 652 1560 Difficile
684 1514 775 1561 est
802 1502 1064 1562 satiram
1090 1520 1227 1561 non
1246 1502 1544 1562 scribere.
1589 1498 1759 1561 Nam
1804 1502 1940 1581 quis
1967 1502 2228 1579 iniquae
2343 1502 2431 1561 30

362 1615 531 1681 Tam
574 1622 822 1701 patiens
864 1620 1073 1696 urbis,
1116 1634 1258 1681 tam
1301 1622 1577 1695 ferreus,
1633 1634 1708 1681 ut
1749 1633 1972 1680 teneat
2011 1640 2114 1695 se,

362 1738 717 1801 Caussidici
760 1760 931 1803 nova
975 1762 1177 1823 quum
1218 1744 1445 1803 veniat
1487 1742 1719 1803 lectica
1761 1740 2092 1801 Mathonis

358 1856 563 1918 Plena
607 1861 776 1939 ipso:
818 1876 962 1941 post
1005 1862 1184 1921 hunc
1226 1864 1450 1942 magni
1495 1861 1744 1921 delator
1787 1860 1984 1921 amici

320 1976 443 2036 ·Et
489 1979 617 2038 cito
660 1992 959 2059 rapturus
1005 1980 1083 2046 de
1126 1978 1470 2051 nobilitate
1516 1999 1804 2054 comesa,
2012 2058 2014 2061 y
2363 2069 2365 2071 q

362 2094 553 2175 Quod
567 2111 869 2177 superest,
888 2116 1081 2179 quem
1095 2099 1307 2159 Massa
1318 2101 1527 2173 timet,
1543 2116 1736 2179 quem
1751 2118 2022 2159 munere
2037 2098 2262 2179 palpat
2335 2072 2424 2161 35

364 2215 596 2292 Carus,
642 2231 707 2277 et
752 2238 790 2277 a
833 2218 1087 2300 trepido
1132 2196 1454 2300 Thymele
1499 2221 1832 2280 summissa
1858 2220 2138 2280 Latino:
2224 2183 2236 2199 ⁴

315 2367 319 2374 ·
361 2333 584 2415 Quum
636 2338 703 2396 te
760 2352 1247 2414 summoveant,
1306 2342 1430 2420 ‘qui
1473 2301 1858 2400 testamenta
1911 2353 2250 2400 merentur

283 2454 290 2461 ’
356 2453 671 2516 Noctibus
690 2504 705 2532 ‚
749 2459 822 2521 in
866 2460 1124 2522 coelum
1170 2478 1324 2540 quos
1371 2460 1588 2520 evehit
1632 2462 1879 2541 optima
1919 2462 2162 2522 summi

356 2573 549 2634 Nunc
592 2578 697 2638 via
740 2595 1095 2660 processus,
1156 2580 1412 2640 vetulae
1455 2583 1665 2642 vesica
1707 2580 1979 2640 beatae?

354 2692 707 2756 Unciolam
749 2699 1122 2762 Proculeius
1165 2700 1397 2776 habet,
1437 2701 1553 2762 sed
1596 2699 1775 2760 Gillo
1821 2699 2172 2770 deuncem,
2323 2699 2424 2760 40

354 2813 576 2874 Partes
623 2820 902 2898 quisque„
928 2841 1069 2880 suas
1116 2819 1197 2880 ad
1240 2839 1615 2880 mensuram
1658 2819 1941 2898 inguinis
1986 2819 2188 2878 heres.

355 2934 655 3014 Accipiat
694 2955 847 2997 sane
894 2939 1266 2998 mercedem
1306 2939 1635 3018 sanguinis
1681 2950 1744 2997 et
1787 2940 1876 2998 sic

353 3051 639 3130 Palleat,
682 3068 757 3115 ut
798 3057 987 3124 nudis
1031 3059 1256 3138 pressit
1302 3059 1412 3138 qui
1455 3056 1740 3118 calcibus
1785 3075 2100 3152 anguem,

351 3172 489 3233 Aut
530 3173 1031 3260 Lugdunensem
1072 3178 1296 3240 rhetor
1343 3177 1629 3238 dicturus
1675 3177 1758 3238 ad
1803 3197 2000 3238 aram.

360 3291 537 3371 Quid
579 3293 889 3372 referam,
936 3311 1175 3378 quanta
1216 3300 1461 3358 siccum
1503 3301 1684 3363 iecur
1725 3299 1948 3360 ardeat
1988 3299 2118 3370 ira,
2325 3293 2418 3359 45

359 3412 581 3494 Quum
610 3417 927 3496 populum
955 3419 1249 3508 gregibus
1274 3420 1588 3478 comitum
1604 3419 1839 3501 premit
1857 3419 1964 3478 hic
1977 3417 2284 3499 spoliator

352 3531 601 3616 Pupilli
640 3538 1025 3618 prostantis?
1092 3551 1157 3598 et
1200 3538 1309 3599 hic
1357 3537 1693 3598 damnatus
1735 3539 1921 3600 inani

354 3649 608 3714 Iudicio
656 3656 844 3738 (quid
889 3658 1065 3717 enim
1111 3642 1297 3718 salvis
1341 3658 1613 3718 infamia
1653 3658 2016 3734 nummis?)

327 3771 577 3845 ,ExsuL
595 3775 677 3849 ab
724 3789 950 3854 octava
1006 3778 1251 3838 Marius
1309 3752 1508 3852 bibit,
1569 3790 1633 3836 et
1683 3777 1926 3838 'fruitur
1964 3763 2078 3838 ’dis
2303 3859 2310 3866 .

354 3889 571 3954 hatis:
616 3908 683 3954 at
704 3907 800 3974 ,μμ
842 3897 1075 3958 victrix
1098 3897 1451 3978 ‚provincia
1491 3866 1745 3977 ploras?
2329 3893 2430 3960 50
