2644 4450
800 236 1609 367 ‚js-ATIRAxv.
2006 316 2014 325 ·
2141 288 2342 358 125‘

206 454 490 525 Laetum
532 458 935 541 hilaremque
980 460 1185 535 diem,
1240 478 1328 521 ne
1371 460 1644 543 magnae
1687 462 1926 545 gaudia
1967 474 2210 527 coenae

207 564 567 655 sentirent,
613 582 835 663 positis
878 581 957 641 ad
998 581 1244 661 templa
1288 594 1354 641 et
1399 583 1684 663 compita
1725 584 1962 645 mensis

204 701 645 782 Pei-vigilique
686 714 830 761 toro
849 746 867 775 ,
908 672 1103 782 quem
1145 714 1338 762 nocte
1385 722 1460 763 ac
1501 702 1650 763 luce
1695 703 2020 781 iacentem

206 822 531 903 Septimus
575 820 920 881 interdum<
950 822 1047 881 sol
1088 823 1358 915 inv-enit.
1445 819 1728 883 Horrida
1769 808 1922 883 sane

204 944 563 1022 Aegyptus:
608 940 720 1001 sed
762 941 1050 1014 luxuria,
1096 952 1416 1021 quantum
1455 944 1594 1023 i‘pse
1637 945 1893 1021 notavi„
2180 940 2270 1013 46
2321 1008 2324 1011 ,
2399 1014 2404 1023 ,

206 1060 491 1122 Barbara
531 1060 777 1121 famoso
822 1080 961 1121 non
1004 1062 1178 1121 cedit
1218 1062 1412 1123 turba
1457 1062 1744 1144 Canopo.

208 1182 427 1255 Adde,
477 1180 651 1261 quod
692 1193 759 1239 et
798 1180 1005 1241 facilis
1050 1183 1321 1243 victoria
1367 1182 1446 1243 de
1486 1182 1764 1243 madidis
1807 1196 1872 1245 et

208 1302 445 1361 Blaesis
490 1314 683 1381 atque
724 1320 905 1361 mero
946 1302 1399 1364 titubantibus.
1486 1300 1650 1363 Inde
1693 1305 1984 1364 virorum
2007 1390 2025 1397 ,

209 1420 489 1481 Saltatus
532 1422 719 1501 nigro
762 1420 1059 1498 tibicine,
1120 1426 1592 1505 qualiacunque

156 1535 163 1543 ’
210 1540 558 1621 Unguenta
602 1553 667 1599 et
708 1536 897 1601 flores
940 1542 1313 1622 multaeque
1355 1545 1430 1603 in
1471 1526 1691 1603 fronte
1733 1560 2008 1605 coronae
2024 1566 2041 1601 ε
2181 1539 2270 1608 60

206 1660 387 1747 ῌΞῃο
429 1662 727 1745 ieiunum
755 1658 996 1743 odjum.
1086 1659 1215 1719 Sed
1252 1662 1465 1739 iurgia
1505 1662 1720 1739 prima
1759 1680 1989 1720 sonare

202 1780 548 1860 Incipiunt
588 1776 824 1835 animis
866 1759 1269 1835 ardentibust
1314 1776 1480 1837 haec
1521 1776 1682 1838 tuba
1722 1778 1922 1839 rixae.

199 1898 391 1960 Dein
434 1897 717 1957 clamore
758 1898 901 1977 pari
950 1898 1356 1957 concurritur
1372 1942 1390 1971 ‚
1435 1910 1500 1957 et
1547 1898 1688 1975 vice
1719 1896 1838 1957 teli

200 2018 425 2077 Saevit
466 2016 643 2078 nuda
684 2036 945 2077 manus:
992 2034 1239 2096 paucae
1278 2018 1418 2077 sine
1463 1997 1728 2077 vulnere
1773 2018 2018 2077 malaez

201 2138 334 2200 vix
379 2139 680 2223 cuiquam
696 2182 713 2211 ‚
763 2150 872 2197 aut
914 2136 1085 2197 nulli
1126 2148 1265 2197 toto
1312 2137 1666 2197 certamine
1712 2156 1902 2197 nasus
2183 2131 2272 2203 55

202 2257 484 2338 Integer.
571 2250 947 2340 Adspiceres
988 2259 1125 2318 iam
1172 2249 1406 2320 cuncta
1448 2277 1564 2338 per
1607 2256 1872 2338 agmina
1913 2255 2128 2318 vultus

204 2373 531 2437 Dimidios
548 2421 566 2450 ‚
612 2379 766 2440 alias
810 2379 1003 2440 facies
1050 2391 1117 2438 et
1157 2377 1408 2439 hiantia
1449 2379 1654 2458 ruptis

206 2495 371 2556 Ossa
413 2499 625 2577 genis,
667 2499 893 2578 plenos
938 2499 1281 2558 oculorum
1318 2497 1632 2576 sanguine
1675 2511 1945 2576 pugnos.

203 2613 465 2676 Ludere
510 2613 589 2676 se
622 2600 899 2674 credunt
938 2616 1069 2694 ipsi
1107 2626 1332 2674 tamen
1375 2626 1442 2672 et
1484 2601 1766 2694 pueriles

200 2733 527 2794 Exercere
572 2735 767 2806 acies,
814 2733 987 2812 quod
1028 2733 1213 2794 nulla
1256 2731 1568 2795 cadavera
1613 2731 1885 2792 calcent.
2189 2733 2280 2800 60

200 2851 291 2912 Et
336 2869 493 2910 sane
540 2845 663 2930 quo
708 2863 807 2931 tot
848 2851 1131 2913 rixandis
1174 2849 1384 2911 millia
1427 2849 1692 2926 turbae,
2006 2920 2012 2924 ,

208 2970 283 3031 Si
323 2971 554 3030 vivunt
594 2970 865 3030 omnes?
950 2969 1119 3050 Ergo
1168 2971 1376 3030 acrior
1417 2973 1697 3053 impetus
1716 3017 1732 3046 ‚
1777 2984 1845 3032 et
1886 2971 2021 3034 iam

204 3089 372 3150 Saxa
415 3089 739 3152 inclinatis
786 3111 902 3173 per
946 3089 1227 3172 humum
1272 3093 1562 3172 quaesita
1605 3091 1867 3154 lacertis

206 3209 541 3291 Incipiunt
583 3222 883 3292 torquere
898 3254 918 3283 ,
975 3210 1326 3272 domestica
1368 3188 1692 3274 seditione

206 3329 391 3404 Tela,
430 3351 555 3404 nec
599 3329 779 3390 hunc
807 3329 1111 3410 lapidem,
1158 3305 1376 3411 quales
1408 3294 1475 3392 et
1501 3313 1762 3394 Turnus
1809 3343 1876 3394 et
1918 3326 2102 3408 Aiax,
2189 3326 2278 3394 65
2360 3347 2369 3354 ‘

208 3446 341 3533 Vel
386 3469 509 3527 quo
553 3449 835 3531 Tydides
880 3452 1191 3530 percussit
1232 3449 1522 3530 pondere
1566 3471 1796 3521 coxam
2069 3436 2079 3450 ¹

205 3569 495 3628 Aeneae:
542 3569 653 3630 sed
696 3588 892 3650 quem
934 3569 1194 3630 valeant
1238 3569 1538 3632 emittere
1583 3571 1846 3636 dextrae

212 3676 735 3755 Illisldissimiles
782 3701 845 3748 et
886 3699 1106 3748 nostro
1149 3701 1446 3770 tempore
1487 3702 1730 3769 nataes

218 3807 391 3866 Nam
436 3827 635 3888 genus
678 3808 805 3872 hoc
849 3809 997 3872 vivo
1042 3810 1177 3898 iarn
1221 3805 1626 3888 decrescebat
1665 3807 1974 3889 Homero.
2054 3856 2069 3882 ,,

207 3925 417 3990 Terra
460 3928 663 3990 malos
704 3929 1003 4032 homines
1046 3948 1225 3993 nunc
1270 3929 1503 4006 educat
1530 3943 1740 4012 -atque
1781 3933 2066 4014 pusillos.
2189 3931 2229 3992 7
2233 3929 2276 3992 0
