2644 4450
736 248 1372 387 ‘'sar-11³&
1455 286 1728 355 vlnz.
2207 302 2351 365 59.

198 458 439 520 'Plena
482 457 731 519 domus·
752 472 913 520 tunc
956 442 1177 525 omnis·
1210 476 1277 523 et
1325 464 1548 545 ingens
1578 462 1788 526 stabat
1813 478 2076 533 acervus
2165 473 2292 539 100

220 580 695 654 Nummorum,
739 578 1057 662 Spartana
1102 583 1424 665 chlamys,
1473 583 1836 667 conchylia·
1859 588 2023 664 Coa,

216 698 305 757 Et
348 718 500 757 cum
544 698 867 787 Parrhasii
908 703 1148 764 tabulis
1199 705 1519 785 signisque
1563 705 1856 785 Myronis

214 819 607 881 Phidiacum
648 822 907 883 vivebat
950 823 1142 897 ebur,
1211 844 1335 884 nec
1377 844 1514 885 non
1557 824 1872 906 Polycleti

214 940 469 999 Multus
513 941 753 1021 ubique
798 942 1014 1003 labor:
1057 964 1241 1003 rarae
1282 947 1422 1005 sine
1464 946 1766 1007 Mentore
1809 966 2084 1009 mensae.

210 1055 379 1119 Inde
422 1052 768 1123 Dolabella
812 1077 905 1123 est
949 1076 1143 1145 atque
1186 1066 1342 1127 hinc
1385 1068 1734 1140 Antonius,
1779 1066 1929 1129 inde
2129 1066 2277 1150 ‘105

211 1180 573 1262 Sacrilegus
620 1183 886 1243 Verres:
928 1185 1296 1247 referebant
1337 1186 1606 1263 natibus
1653 1188 1796 1252 altis

209 1299 484 1362 Occulta
526 1303 730 1383 spolia
774 1316 839 1363 et
880 1305 1099 1386 plures
1144 1308 1223 1367 de
1270 1328 1431 1391 pace
1474 1308 1858 1389 triumphos-

206 1418 399 1479 Nunc
430 1424 613 1483 sociis
656 1426 806 1506 iuga
850 1446 1057 1507 pauca
1100 1428 1318 1504 boum,
1366 1450 1518 1512 grex
1560 1445 1792 1511 parvus
1837 1447 2150 1510 equarum

204 1541 293 1601 Et
336 1554 542 1622 pater·
564 1547 843 1605 armenti
888 1561 1077 1627 capto
1124 1553 1436 1629 eripiatur
1484 1550 1724 1628 agello:

198 1660 334 1742 Ipsi
377 1661 615 1722 deinde
659 1663 885 1735 Lares,
930 1665 984 1721 si
1026 1666 1197 1743 quod
1242 1666 1590 1743 spectabile
1635 1668 1921 1746 signum,
2139 1672 2266 1731 110

194 1781 259 1841 Si
309 1784 453 1861 quis
496 1782 571 1839 in
612 1778 912 1839 aedicula
954 1780 1133 1839 Deus
1176 1781 1426 1841 unicus.
1511 1780 1692 1867 Haec
1737 1784 1978 1841 etenim
2015 1797 2166 1843 sunt

187 1903 319 1963 Pro
368 1898 669 1958 summis:
713 1876 869 1958 nam
913 1912 1061 1958 sunt
1104 1898 1264 1961 haec
1309 1875 1611 1963 maxima.
1681 1900 2030 1982 Despicias
2073 1916 2148 1964 tu

180 1991 492 2080 Forsitan
534 2018 829 2079 imbelles
864 2018 1151 2079 Rhodios
1194 2032 1588 2102 unctamque
1612 2016 2056 2087 Corinthum:

180 2138 519 2220 Despicias
548 2141 817 2199 'mei-ito,
908 2140 1085 2228 Quid
1126 2142 1405 2201 resinata
1457 2144 1756 2203 iuventus
1943 2222 1949 2236 Ι

187 2242 524 2340 cruraque
566 2263 763 2321 totius
807 2261 1047 2321 facient
1089 2262 1212 2324 tibi
1241 2262 1420 2322 ‘levia
1465 2263 1710 2345 gentis?
1777 2275 1784 2286 ‘
1863 2257 1866 2264 ’
2128 2263 2250 2329 115
2357 2321 2374 2344 Ι

180 2369 472 2439 Horrida
515 2380 777 2440 vitanda
820 2395 915 2440 est
956 2381 1303 2462 Hispania,
1352 2382 1642 2444 Gallicus
1687 2385 1818 2443 axis

179 2497 647 2580 Illyricumque
690 2501 887 2560 latus:
944 2493 1138 2581 parce
1186 2515 1250 2560 et
1284 2502 1672 2563 messoribus
1714 2502 1880 2574 illis,

114 2587 121 2594 ”
182 2617 317 2697 Qui
357 2630 650 2678 saturant
690 2619 923 2679 urbem
942 2663 959 2692 ,
1008 2619 1197 2678 Circo
1241 2639 1595 2698 scenaeque
1638 2632 2026 2679 vacantem.-

181 2736 448 2816 Quanta
494 2745 713 2796 autem
746 2737 898 2797 inde
944 2737 1103 2796 feres
1147 2749 1284 2796 tam
1331 2738 1506 2797 dirae
1550 2737 1842 2818 praemia
1887 2739 2146 2820 culpae,

180 2819 345 2917 Cnm
396 2867 624 2916 tenues
668 2875 876 2938 nuper
918 2856 1164 2923 Marius
1200 2857 1570 2918 discinxerit
1611 2857 1860 2919 Afros?·
2114 2861 2252 2926 120·

178 2976 564 3040 Curandum
604 2977 675 3036 in
717 2978 962 3057 primis,
1006 2997 1090 3038 ne
1132 2966 1369 3060 magna
1411 2979 1650 3040 iniuria
1693 2976 1810 3039 fiat

168 3095 471 3158 Fortibus
511 3109 582 3156 et
604 3077 891 3160 ‘miseria'
932 3097 1151 3158 Tollas
1180 3101 1336 3160 licet
1379 3118 1591 3173 omne,
1639 3097 1810 3180 quod
1836 3119 2107 3180 usquam
2131 3116 2228 3164 est

166 3217 330 3277 Auri
376 3229 567 3296 atque
612 3218 891 3298 argenti:
936 3232 1191 3293 scutum
1236 3192 1651 3310 gladiumque
1692 3219 2016 3301 relinques

162 3334 249 3394 Et
290 3334 506 3396 iacula
551 3348 615 3396 et
658 3337 941 3418 galeam:
984 3339 1273 3420 spoliatis
1316 3359 1496 3400 arma
1537 3351 1897 3421 supersunt.

165 3455 363 3534 Quod
404 3435 599 3516 modo
642 3451 997 3539 proposui‚'
1020 3477 1159 3517 non
1203 3471 1295 3518 est
1341 3460 1688 3518 sententia:
1729 3477 1958 3519 verum
2097 3461 2221 3526 125

159 3574 421 3636 Credite
467 3597 572 3636 me
615 3579 794 3639 vobis
840 3578 1074 3637 folium
1115 3579 1390 3637 recitare
1433 3577 1736 3659 Sibyllae.
1811 3565 1832 3586 ⁹

156 3693 227 3756 Si
268 3696 391 3756 tibi
438 3710 657 3758 sancta
700 3697 927 3758 cohors
973 3699 1286 3758 comitum
1304 3745 1320 3774 ,
1377 3701 1432 3761 si
1471 3719 1669 3760 nemo
1710 3699 2000 3762 tribunal

155 3813 398 3876 Vendit
441 3816 919 3902 Acersecomes,
977 3821 1030 3881 si
1072 3821 1334 3880 nullum
1373 3822 1447 3880 in
1492 3801 1764 3901 coniuge
1809 3822 2083 3901 crimen,

150 3933 289 4044 Nec
332 3955 453 4015 per
497 3937 847 4028 conuentus
888 3951 957 4000 et
1000 3935 1234 4022 cuncta
1276 3961 1395 4026 per
1435 3941 1673 4026 oppida
1715 3942 1922 4014 curvi·
2021 4016 2029 4025 ,
