<?xml version="1.0" encoding="UTF-8"?>
<!DOCTYPE html PUBLIC "-//W3C//DTD XHTML 1.0 Transitional//EN"
    "http://www.w3.org/TR/xhtml1/DTD/xhtml1-transitional.dtd">
<html xmlns="http://www.w3.org/1999/xhtml" xml:lang="en" lang="en">
 <head>
  <title>
</title>
<meta http-equiv="Content-Type" content="text/html;charset=utf-8" />
  <meta name='ocr-system' content='tesseract 3.04.00' />
  <meta name='ocr-capabilities' content='ocr_page ocr_carea ocr_par ocr_line ocrx_word'/>
</head>
<body>
  <div class='ocr_page' id='page_1' title='image "./diuniiiuvenalis00webegoog_0012.png"; bbox 0 0 2644 4450; ppageno 0'>
   <div class='ocr_carea' id='block_1_1' title="bbox 284 304 351 345">
    <p class='ocr_par' dir='ltr' id='par_1_1' title="bbox 284 304 351 345">
     <span class='ocr_line' id='line_1_1' title="bbox 284 304 351 345; baseline 0.03 -2"><span class='ocrx_word' id='word_1_1' title='bbox 284 304 351 345; x_wconf 88' lang='lat' dir='ltr'><strong>v1</strong></span> 
     </span>
    </p>
   </div>
   <div class='ocr_carea' id='block_1_2' title="bbox 2217 374 2274 395">
    <p class='ocr_par' dir='ltr' id='par_1_2' title="bbox 2217 374 2274 395">
     <span class='ocr_line' id='line_1_2' title="bbox 2217 374 2274 395; baseline 0 0"><span class='ocrx_word' id='word_1_2' title='bbox 2217 387 2222 395; x_wconf 86' lang='lat'>.</span> <span class='ocrx_word' id='word_1_3' title='bbox 2248 374 2274 395; x_wconf 52' lang='grc' dir='ltr'>ἱ</span> 
     </span>
    </p>
   </div>
   <div class='ocr_carea' id='block_1_3' title="bbox 270 424 2456 1761">
    <p class='ocr_par' dir='ltr' id='par_1_3' title="bbox 279 424 2356 632">
     <span class='ocr_line' id='line_1_3' title="bbox 282 424 2356 535; baseline -0.01 -20"><span class='ocrx_word' id='word_1_4' title='bbox 282 451 695 535; x_wconf 73' lang='lat' dir='ltr'><strong>prudentiam</strong></span> <span class='ocrx_word' id='word_1_5' title='bbox 736 451 810 511; x_wconf 87' lang='lat' dir='ltr'><strong>in</strong></span> <span class='ocrx_word' id='word_1_6' title='bbox 862 424 1129 528; x_wconf 76' lang='lat' dir='ltr'><strong>agendo,</strong></span> <span class='ocrx_word' id='word_1_7' title='bbox 1174 443 1604 507; x_wconf 66' lang='lat' dir='ltr'>constantiam</span> <span class='ocrx_word' id='word_1_8' title='bbox 1643 442 1717 503; x_wconf 88' lang='lat' dir='ltr'><strong>in</strong></span> <span class='ocrx_word' id='word_1_9' title='bbox 1753 438 2160 519; x_wconf 76' lang='lat' dir='ltr'><strong>exsequendo</strong></span> <span class='ocrx_word' id='word_1_10' title='bbox 2197 452 2356 497; x_wconf 88' lang='lat' dir='ltr'><strong>om-</strong></span> 
     </span>
     <span class='ocr_line' id='line_1_4' title="bbox 279 548 1308 657; baseline -0.009 -39"><span class='ocrx_word' id='word_1_11' title='bbox 279 578 391 619; x_wconf 88' lang='lat' dir='ltr'><strong>nes</strong></span> <span class='ocrx_word' id='word_1_12' title='bbox 434 558 768 657; x_wconf 80' lang='lat' dir='ltr'><strong>intuemur</strong></span> <span class='ocrx_word' id='word_1_13' title='bbox 812 564 876 615; x_wconf 88' lang='lat' dir='ltr'><strong>et</strong></span> <span class='ocrx_word' id='word_1_14' title='bbox 910 548 1308 632; x_wconf 77' lang='lat' dir='ltr'><strong>suspicimus·</strong></span> 
     </span>
    </p>

    <p class='ocr_par' dir='ltr' id='par_1_4' title="bbox 270 643 2456 1658">
     <span class='ocr_line' id='line_1_5' title="bbox 446 643 2346 739; baseline -0.008 -18"><span class='ocrx_word' id='word_1_15' title='bbox 446 658 589 723; x_wconf 88' lang='lat' dir='ltr'><strong>Etsi</strong></span> <span class='ocrx_word' id='word_1_16' title='bbox 643 658 841 739; x_wconf 86' lang='lat' dir='ltr'><strong>igitur</strong></span> <span class='ocrx_word' id='word_1_17' title='bbox 895 654 1020 715; x_wconf 87' lang='lat' dir='ltr'><strong>hac</strong></span> <span class='ocrx_word' id='word_1_18' title='bbox 1062 672 1143 713; x_wconf 79' lang='lat' dir='ltr'><strong>ex</strong></span> <span class='ocrx_word' id='word_1_19' title='bbox 1185 665 1369 733; x_wconf 80' lang='lat' dir='ltr'><strong>parte</strong></span> <span class='ocrx_word' id='word_1_20' title='bbox 1423 668 1619 711; x_wconf 90' lang='lat' dir='ltr'><strong>nemo</strong></span> <span class='ocrx_word' id='word_1_21' title='bbox 1676 648 1846 711; x_wconf 70' lang='lat' dir='ltr'><strong>mihi</strong></span> <span class='ocrx_word' id='word_1_22' title='bbox 1905 643 2059 707; x_wconf 86' lang='lat' dir='ltr'><strong>vitio</strong></span> <span class='ocrx_word' id='word_1_23' title='bbox 2107 658 2346 718; x_wconf 86' lang='lat' dir='ltr'><strong>vertet,</strong></span> 
     </span>
     <span class='ocr_line' id='line_1_6' title="bbox 277 750 2456 853; baseline -0.006 -30"><span class='ocrx_word' id='word_1_24' title='bbox 277 762 451 847; x_wconf 89' lang='lat' dir='ltr'><strong>quod</strong></span> <span class='ocrx_word' id='word_1_25' title='bbox 492 759 669 853; x_wconf 76' lang='lat' dir='ltr'><strong>hunc</strong></span> <span class='ocrx_word' id='word_1_26' title='bbox 713 758 1093 838; x_wconf 80' lang='lat' dir='ltr'><strong>scriptorem</strong></span> <span class='ocrx_word' id='word_1_27' title='bbox 1153 754 1410 815; x_wconf 83' lang='lat' dir='ltr'><strong>nomini</strong></span> <span class='ocrx_word' id='word_1_28' title='bbox 1471 750 1651 813; x_wconf 90' lang='lat' dir='ltr'><strong>TUO</strong></span> <span class='ocrx_word' id='word_1_29' title='bbox 1707 752 2140 831; x_wconf 89' lang='lat' dir='ltr'><strong>inscripserim</strong></span> <span class='ocrx_word' id='word_1_30' title='bbox 2191 770 2351 811; x_wconf 84' lang='lat' dir='ltr'><strong>ma-</strong></span> <span class='ocrx_word' id='word_1_31' title='bbox 2446 756 2456 767; x_wconf 69' lang='lat'><em>²</em></span> 
     </span>
     <span class='ocr_line' id='line_1_7' title="bbox 276 852 2372 946; baseline -0.005 -18"><span class='ocrx_word' id='word_1_32' title='bbox 276 862 512 946; x_wconf 82' lang='lat' dir='ltr'><strong>gnifico</strong></span> <span class='ocrx_word' id='word_1_33' title='bbox 530 907 547 937; x_wconf 93' lang='lat'><strong>,</strong></span> <span class='ocrx_word' id='word_1_34' title='bbox 608 875 799 923; x_wconf 86' lang='lat' dir='ltr'><strong>erunt</strong></span> <span class='ocrx_word' id='word_1_35' title='bbox 852 874 1075 923; x_wconf 88' lang='lat' dir='ltr'><strong>tamen</strong></span> <span class='ocrx_word' id='word_1_36' title='bbox 1116 858 1411 933; x_wconf 87' lang='lat' dir='ltr'><strong>fortasse,</strong></span> <span class='ocrx_word' id='word_1_37' title='bbox 1467 857 1577 937; x_wconf 92' lang='lat' dir='ltr'><strong>qui</strong></span> <span class='ocrx_word' id='word_1_38' title='bbox 1633 874 1748 927; x_wconf 88' lang='lat' dir='ltr'><strong>ea,</strong></span> <span class='ocrx_word' id='word_1_39' title='bbox 1807 874 1968 935; x_wconf 85' lang='lat' dir='ltr'><strong>quae</strong></span> <span class='ocrx_word' id='word_1_40' title='bbox 2023 854 2158 935; x_wconf 88' lang='lat' dir='ltr'><strong>ipse</strong></span> <span class='ocrx_word' id='word_1_41' title='bbox 2218 852 2372 917; x_wconf 71' lang='lat' dir='ltr'><strong>(le-t</strong></span> 
     </span>
     <span class='ocr_line' id='line_1_8' title="bbox 277 955 2340 1045; baseline -0.005 -17"><span class='ocrx_word' id='word_1_42' title='bbox 277 969 378 1040; x_wconf 85' lang='lat' dir='ltr'><strong>di,</strong></span> <span class='ocrx_word' id='word_1_43' title='bbox 447 986 585 1027; x_wconf 87' lang='lat' dir='ltr'><strong>non</strong></span> <span class='ocrx_word' id='word_1_44' title='bbox 636 967 787 1027; x_wconf 87' lang='lat' dir='ltr'><strong>satis</strong></span> <span class='ocrx_word' id='word_1_45' title='bbox 846 964 1039 1045; x_wconf 84' lang='lat' dir='ltr'><strong>digna</strong></span> <span class='ocrx_word' id='word_1_46' title='bbox 1097 962 1314 1023; x_wconf 87' lang='lat' dir='ltr'><strong>dicent</strong></span> <span class='ocrx_word' id='word_1_47' title='bbox 1387 959 1574 1021; x_wconf 86' lang='lat' dir='ltr'><strong>TUO</strong></span> <span class='ocrx_word' id='word_1_48' title='bbox 1628 956 1966 1041; x_wconf 83' lang='lat' dir='ltr'><strong>splendore</strong></span> <span class='ocrx_word' id='word_1_49' title='bbox 2025 970 2090 1017; x_wconf 91' lang='lat' dir='ltr'><strong>et</strong></span> <span class='ocrx_word' id='word_1_50' title='bbox 2156 955 2340 1017; x_wconf 85' lang='lat' dir='ltr'><strong>fasti-</strong></span> 
     </span>
     <span class='ocr_line' id='line_1_9' title="bbox 274 1061 2336 1151; baseline -0.007 -20"><span class='ocrx_word' id='word_1_51' title='bbox 274 1073 401 1151; x_wconf 79' lang='lat' dir='ltr'><strong>gio,</strong></span> <span class='ocrx_word' id='word_1_52' title='bbox 444 1072 516 1131; x_wconf 89' lang='lat' dir='ltr'><strong>in</strong></span> <span class='ocrx_word' id='word_1_53' title='bbox 565 1088 704 1150; x_wconf 88' lang='lat' dir='ltr'><strong>quo</strong></span> <span class='ocrx_word' id='word_1_54' title='bbox 722 1066 850 1128; x_wconf 90' lang='lat' dir='ltr'><strong>TU</strong></span> <span class='ocrx_word' id='word_1_55' title='bbox 868 1066 1216 1129; x_wconf 90' lang='lat' dir='ltr'><strong>collocatus</strong></span> <span class='ocrx_word' id='word_1_56' title='bbox 1240 1084 1326 1123; x_wconf 86' lang='lat' dir='ltr'><strong>es.</strong></span> <span class='ocrx_word' id='word_1_57' title='bbox 1387 1062 1598 1142; x_wconf 78' lang='lat' dir='ltr'><strong>Atque</strong></span> <span class='ocrx_word' id='word_1_58' title='bbox 1640 1062 1774 1143; x_wconf 87' lang='lat' dir='ltr'><strong>ipse</strong></span> <span class='ocrx_word' id='word_1_59' title='bbox 1818 1081 1925 1121; x_wconf 91' lang='lat' dir='ltr'><strong>me</strong></span> <span class='ocrx_word' id='word_1_60' title='bbox 1965 1079 2104 1121; x_wconf 89' lang='lat' dir='ltr'><strong>non</strong></span> <span class='ocrx_word' id='word_1_61' title='bbox 2144 1061 2336 1139; x_wconf 83' lang='lat' dir='ltr'><strong>igno-</strong></span> 
     </span>
     <span class='ocr_line' id='line_1_10' title="bbox 272 1160 2338 1250; baseline -0.003 -18"><span class='ocrx_word' id='word_1_62' title='bbox 272 1191 417 1233; x_wconf 85' lang='lat' dir='ltr'><strong>rare</strong></span> <span class='ocrx_word' id='word_1_63' title='bbox 461 1172 701 1241; x_wconf 90' lang='lat' dir='ltr'><strong>fateor,</strong></span> <span class='ocrx_word' id='word_1_64' title='bbox 748 1160 945 1250; x_wconf 79' lang='lat' dir='ltr'><strong>quam</strong></span> <span class='ocrx_word' id='word_1_65' title='bbox 988 1170 1292 1248; x_wconf 79' lang='lat' dir='ltr'><strong>exiguum</strong></span> <span class='ocrx_word' id='word_1_66' title='bbox 1335 1168 1418 1225; x_wconf 88' lang='lat' dir='ltr'><strong>sit</strong></span> <span class='ocrx_word' id='word_1_67' title='bbox 1460 1164 1661 1225; x_wconf 89' lang='lat' dir='ltr'><strong>hocce</strong></span> <span class='ocrx_word' id='word_1_68' title='bbox 1704 1184 1969 1239; x_wconf 84' lang='lat' dir='ltr'><strong>munus,</strong></span> <span class='ocrx_word' id='word_1_69' title='bbox 2025 1164 2136 1225; x_wconf 78' lang='lat' dir='ltr'><strong>sed</strong></span> <span class='ocrx_word' id='word_1_70' title='bbox 2175 1167 2338 1230; x_wconf 84' lang='lat' dir='ltr'><strong>insi-</strong></span> 
     </span>
     <span class='ocr_line' id='line_1_11' title="bbox 273 1258 2338 1354; baseline -0.004 -17"><span class='ocrx_word' id='word_1_71' title='bbox 273 1277 413 1354; x_wconf 75' lang='lat' dir='ltr'><strong>gnis</strong></span> <span class='ocrx_word' id='word_1_72' title='bbox 466 1272 645 1338; x_wconf 82' lang='lat' dir='ltr'><strong>TUA</strong></span> <span class='ocrx_word' id='word_1_73' title='bbox 687 1271 1054 1332; x_wconf 82' lang='lat' dir='ltr'><strong>humanitas</strong></span> <span class='ocrx_word' id='word_1_74' title='bbox 1086 1284 1163 1347; x_wconf 64' lang='lat' dir='ltr'><strong>„et</strong></span> <span class='ocrx_word' id='word_1_75' title='bbox 1205 1266 1614 1348; x_wconf 76' lang='lat' dir='ltr'><strong>indulgentia</strong></span> <span class='ocrx_word' id='word_1_76' title='bbox 1659 1267 1808 1328; x_wconf 77' lang='lat' dir='ltr'><strong>fecit</strong></span> <span class='ocrx_word' id='word_1_77' title='bbox 1833 1313 1848 1341; x_wconf 94' lang='lat'><strong>,</strong></span> <span class='ocrx_word' id='word_1_78' title='bbox 1892 1282 1966 1327; x_wconf 89' lang='lat' dir='ltr'><strong>ut</strong></span> <span class='ocrx_word' id='word_1_79' title='bbox 2007 1258 2142 1328; x_wconf 87' lang='lat' dir='ltr'><strong>non</strong></span> <span class='ocrx_word' id='word_1_80' title='bbox 2183 1270 2338 1351; x_wconf 73' lang='lat' dir='ltr'><strong>diu-</strong></span> 
     </span>
     <span class='ocr_line' id='line_1_12' title="bbox 270 1370 2332 1453; baseline -0.001 -16"><span class='ocrx_word' id='word_1_81' title='bbox 270 1378 401 1437; x_wconf 74' lang='lat' dir='ltr'><strong>tius</strong></span> <span class='ocrx_word' id='word_1_82' title='bbox 427 1377 837 1446; x_wconf 74' lang='lat' dir='ltr'><strong>sustinerem,</strong></span> <span class='ocrx_word' id='word_1_83' title='bbox 872 1371 985 1445; x_wconf 69' lang='lat' dir='ltr'><strong>ne}</strong></span> <span class='ocrx_word' id='word_1_84' title='bbox 1022 1372 1195 1453; x_wconf 89' lang='lat' dir='ltr'><strong>quod</strong></span> <span class='ocrx_word' id='word_1_85' title='bbox 1214 1374 1283 1431; x_wconf 87' lang='lat' dir='ltr'><strong>in</strong></span> <span class='ocrx_word' id='word_1_86' title='bbox 1319 1383 1582 1452; x_wconf 90' lang='lat' dir='ltr'><strong>promtu</strong></span> <span class='ocrx_word' id='word_1_87' title='bbox 1611 1370 1955 1444; x_wconf 81' lang='lat' dir='ltr'>habebam,</span> <span class='ocrx_word' id='word_1_88' title='bbox 2001 1370 2332 1446; x_wconf 80' lang='lat' dir='ltr'><strong>offerrem,</strong></span> 
     </span>
     <span class='ocr_line' id='line_1_13' title="bbox 272 1474 2332 1557; baseline 0 -22"><span class='ocrx_word' id='word_1_89' title='bbox 272 1488 337 1535; x_wconf 89' lang='lat' dir='ltr'><strong>et</strong></span> <span class='ocrx_word' id='word_1_90' title='bbox 379 1476 503 1537; x_wconf 89' lang='lat' dir='ltr'><strong>hac</strong></span> <span class='ocrx_word' id='word_1_91' title='bbox 548 1478 880 1536; x_wconf 83' lang='lat' dir='ltr'>occasione</span> <span class='ocrx_word' id='word_1_92' title='bbox 930 1488 1191 1557; x_wconf 81' lang='lat' dir='ltr'><strong>gratum</strong></span> <span class='ocrx_word' id='word_1_93' title='bbox 1249 1476 1452 1535; x_wconf 87' lang='lat' dir='ltr'><strong>animi</strong></span> <span class='ocrx_word' id='word_1_94' title='bbox 1506 1474 1639 1548; x_wconf 84' lang='lat' dir='ltr'><strong>mei</strong></span> <span class='ocrx_word' id='word_1_95' title='bbox 1699 1492 1956 1533; x_wconf 86' lang='lat' dir='ltr'><strong>sensum</strong></span> <span class='ocrx_word' id='word_1_96' title='bbox 1999 1490 2078 1533; x_wconf 81' lang='lat' dir='ltr'><strong>ex</strong></span> <span class='ocrx_word' id='word_1_97' title='bbox 2124 1474 2332 1542; x_wconf 74' lang='lat' dir='ltr'><strong>tacita</strong></span> 
     </span>
     <span class='ocr_line' id='line_1_14' title="bbox 272 1577 2170 1658; baseline -0.002 -21"><span class='ocrx_word' id='word_1_98' title='bbox 272 1578 663 1639; x_wconf 87' lang='lat' dir='ltr'><strong>conscientia</strong></span> <span class='ocrx_word' id='word_1_99' title='bbox 708 1578 790 1638; x_wconf 89' lang='lat' dir='ltr'><strong>ad</strong></span> <span class='ocrx_word' id='word_1_100' title='bbox 832 1577 1164 1658; x_wconf 87' lang='lat' dir='ltr'>publicam</span> <span class='ocrx_word' id='word_1_101' title='bbox 1206 1577 1509 1637; x_wconf 84' lang='lat' dir='ltr'><strong>notitiam</strong></span> <span class='ocrx_word' id='word_1_102' title='bbox 1551 1594 1937 1653; x_wconf 81' lang='lat' dir='ltr'>promerem.</span> <span class='ocrx_word' id='word_1_103' title='bbox 2163 1581 2170 1594; x_wconf 87' lang='lat'><em>&#39;</em></span> 
     </span>
    </p>

    <p class='ocr_par' dir='ltr' id='par_1_5' title="bbox 442 1676 2320 1761">
     <span class='ocr_line' id='line_1_15' title="bbox 442 1676 2320 1761; baseline -0.001 -18"><span class='ocrx_word' id='word_1_104' title='bbox 442 1678 751 1761; x_wconf 83' lang='lat' dir='ltr'><strong>Suscepta</strong></span> <span class='ocrx_word' id='word_1_105' title='bbox 792 1683 971 1742; x_wconf 88' lang='lat' dir='ltr'><strong>enim</strong></span> <span class='ocrx_word' id='word_1_106' title='bbox 1015 1701 1052 1741; x_wconf 88' lang='lat' dir='ltr'><strong>a</strong></span> <span class='ocrx_word' id='word_1_107' title='bbox 1118 1679 1261 1754; x_wconf 89' lang='lat' dir='ltr'><strong>TE,</strong></span> <span class='ocrx_word' id='word_1_108' title='bbox 1327 1678 1476 1738; x_wconf 86' lang='lat' dir='ltr'><strong>VIR</strong></span> <span class='ocrx_word' id='word_1_109' title='bbox 1520 1676 2070 1751; x_wconf 81' lang='lat' dir='ltr'><strong><em>MAGNIFICE‚</em></strong></span> <span class='ocrx_word' id='word_1_110' title='bbox 2129 1680 2320 1741; x_wconf 87' lang='lat' dir='ltr'><strong>huius</strong></span> 
     </span>
    </p>
   </div>
   <div class='ocr_carea' id='block_1_4' title="bbox 268 1779 2330 1969">
    <p class='ocr_par' dir='ltr' id='par_1_6' title="bbox 268 1779 2330 1969">
     <span class='ocr_line' id='line_1_16' title="bbox 274 1779 2326 1877; baseline -0 -32"><span class='ocrx_word' id='word_1_111' title='bbox 274 1783 615 1864; x_wconf 87' lang='lat' dir='ltr'><strong>Gymnasii</strong></span> <span class='ocrx_word' id='word_1_112' title='bbox 672 1804 857 1857; x_wconf 87' lang='lat' dir='ltr'><strong>cura,</strong></span> <span class='ocrx_word' id='word_1_113' title='bbox 912 1784 1105 1845; x_wconf 90' lang='lat' dir='ltr'><strong>rebus</strong></span> <span class='ocrx_word' id='word_1_114' title='bbox 1162 1784 1295 1877; x_wconf 58' lang='lat' dir='ltr'><strong>eicps</strong></span> <span class='ocrx_word' id='word_1_115' title='bbox 1353 1795 1492 1841; x_wconf 85' lang='lat' dir='ltr'><strong>tam</strong></span> <span class='ocrx_word' id='word_1_116' title='bbox 1543 1779 1824 1861; x_wconf 82' lang='lat' dir='ltr'><strong>benigne</strong></span> <span class='ocrx_word' id='word_1_117' title='bbox 1882 1795 1946 1841; x_wconf 91' lang='lat' dir='ltr'><strong>et</strong></span> <span class='ocrx_word' id='word_1_118' title='bbox 2001 1786 2326 1863; x_wconf 71' lang='lat' dir='ltr'><strong>sapienter</strong></span> 
     </span>
     <span class='ocr_line' id='line_1_17' title="bbox 268 1881 2330 1969; baseline 0 -23"><span class='ocrx_word' id='word_1_119' title='bbox 268 1888 685 1969; x_wconf 83' lang='lat' dir='ltr'><strong>prospexisti,</strong></span> <span class='ocrx_word' id='word_1_120' title='bbox 742 1900 817 1957; x_wconf 71' lang='lat' dir='ltr'><strong>ut</strong></span> <span class='ocrx_word' id='word_1_121' title='bbox 856 1904 974 1944; x_wconf 90' lang='lat' dir='ltr'><strong>nos</strong></span> <span class='ocrx_word' id='word_1_122' title='bbox 1016 1902 1273 1956; x_wconf 86' lang='lat' dir='ltr'><strong>omnes,</strong></span> <span class='ocrx_word' id='word_1_123' title='bbox 1341 1882 1452 1963; x_wconf 86' lang='lat' dir='ltr'><strong>qui</strong></span> <span class='ocrx_word' id='word_1_124' title='bbox 1505 1881 1624 1942; x_wconf 87' lang='grc' dir='ltr'><strong>ΤΕ</strong></span> <span class='ocrx_word' id='word_1_125' title='bbox 1669 1885 2030 1945; x_wconf 88' lang='lat' dir='ltr'><strong>studiorum</strong></span> <span class='ocrx_word' id='word_1_126' title='bbox 2071 1898 2330 1948; x_wconf 86' lang='lat' dir='ltr'><strong>nostro-</strong></span> 
     </span>
    </p>
   </div>
   <div class='ocr_carea' id='block_1_5' title="bbox 241 1986 2354 4024">
    <p class='ocr_par' dir='ltr' id='par_1_7' title="bbox 241 1986 2354 4024">
     <span class='ocr_line' id='line_1_18' title="bbox 264 1986 2325 2069; baseline 0.001 -21"><span class='ocrx_word' id='word_1_127' title='bbox 264 1994 416 2048; x_wconf 81' lang='lat' dir='ltr'><strong>rum</strong></span> <span class='ocrx_word' id='word_1_128' title='bbox 458 2000 811 2069; x_wconf 88' lang='lat' dir='ltr'><strong>patronum</strong></span> <span class='ocrx_word' id='word_1_129' title='bbox 854 2000 918 2047; x_wconf 90' lang='lat' dir='ltr'><strong>et</strong></span> <span class='ocrx_word' id='word_1_130' title='bbox 960 2000 1248 2051; x_wconf 81' lang='lat' dir='ltr'><strong>tutorem</strong></span> <span class='ocrx_word' id='word_1_131' title='bbox 1288 1986 1468 2045; x_wconf 84' lang='lat' dir='ltr'><strong>nacti</strong></span> <span class='ocrx_word' id='word_1_132' title='bbox 1509 2004 1759 2058; x_wconf 75' lang='lat' dir='ltr'><strong>sumuS,</strong></span> <span class='ocrx_word' id='word_1_133' title='bbox 1829 2006 1907 2047; x_wconf 80' lang='lat' dir='ltr'><strong>ex</strong></span> <span class='ocrx_word' id='word_1_134' title='bbox 1951 1990 2172 2049; x_wconf 83' lang='lat' dir='ltr'><strong>animo</strong></span> <span class='ocrx_word' id='word_1_135' title='bbox 2216 2010 2325 2050; x_wconf 89' lang='lat' dir='ltr'><strong>ve-</strong></span> 
     </span>
     <span class='ocr_line' id='line_1_19' title="bbox 266 2080 2328 2171; baseline 0 -20"><span class='ocrx_word' id='word_1_136' title='bbox 266 2090 609 2152; x_wconf 87' lang='lat' dir='ltr'><strong>hementer</strong></span> <span class='ocrx_word' id='word_1_137' title='bbox 657 2088 1071 2170; x_wconf 77' lang='lat' dir='ltr'><strong>gaudeamus.</strong></span> <span class='ocrx_word' id='word_1_138' title='bbox 1156 2080 1407 2147; x_wconf 87' lang='lat' dir='ltr'><strong>Recens</strong></span> <span class='ocrx_word' id='word_1_139' title='bbox 1466 2086 1678 2151; x_wconf 89' lang='lat' dir='ltr'><strong>adhuc</strong></span> <span class='ocrx_word' id='word_1_140' title='bbox 1743 2102 1868 2162; x_wconf 86' lang='lat' dir='ltr'><strong>est,</strong></span> <span class='ocrx_word' id='word_1_141' title='bbox 1929 2080 2164 2171; x_wconf 83' lang='lat' dir='ltr'><strong>diuque</strong></span> <span class='ocrx_word' id='word_1_142' title='bbox 2206 2107 2328 2153; x_wconf 66' lang='lat' dir='ltr'><strong>*re-</strong></span> 
     </span>
     <span class='ocr_line' id='line_1_20' title="bbox 266 2189 2326 2276; baseline 0.003 -24"><span class='ocrx_word' id='word_1_143' title='bbox 266 2203 524 2252; x_wconf 85' lang='lat' dir='ltr'><strong>centem</strong></span> <span class='ocrx_word' id='word_1_144' title='bbox 559 2194 833 2273; x_wconf 83' lang='lat' dir='ltr'><strong>gratiam</strong></span> <span class='ocrx_word' id='word_1_145' title='bbox 881 2190 1311 2276; x_wconf 77' lang='lat' dir='ltr'><strong>conservabit,</strong></span> <span class='ocrx_word' id='word_1_146' title='bbox 1371 2189 1803 2266; x_wconf 85' lang='lat' dir='ltr'><strong>beneficium,</strong></span> <span class='ocrx_word' id='word_1_147' title='bbox 1847 2192 2020 2272; x_wconf 89' lang='lat' dir='ltr'><strong>quod</strong></span> <span class='ocrx_word' id='word_1_148' title='bbox 2061 2212 2326 2273; x_wconf 86' lang='lat' dir='ltr'><strong>praece-</strong></span> 
     </span>
     <span class='ocr_line' id='line_1_21' title="bbox 260 2277 2336 2378; baseline 0.003 -25"><span class='ocrx_word' id='word_1_149' title='bbox 260 2309 529 2375; x_wconf 87' lang='lat' dir='ltr'><strong>ptorum</strong></span> <span class='ocrx_word' id='word_1_150' title='bbox 576 2296 1015 2356; x_wconf 85' lang='lat' dir='ltr'><strong>conditionem</strong></span> <span class='ocrx_word' id='word_1_151' title='bbox 1060 2296 1442 2356; x_wconf 90' lang='lat' dir='ltr'><strong>auctoritate</strong></span> <span class='ocrx_word' id='word_1_152' title='bbox 1495 2294 1680 2354; x_wconf 88' lang='lat' dir='ltr'><strong>TUA</strong></span> <span class='ocrx_word' id='word_1_153' title='bbox 1723 2297 2092 2378; x_wconf 81' lang='lat' dir='ltr'><strong>gravissima</strong></span> <span class='ocrx_word' id='word_1_154' title='bbox 2135 2277 2336 2359; x_wconf 63' lang='lat' dir='ltr'><strong>adiu-&#39;</strong></span> 
     </span>
     <span class='ocr_line' id='line_1_22' title="bbox 259 2396 2318 2482; baseline 0.004 -28"><span class='ocrx_word' id='word_1_155' title='bbox 259 2396 440 2474; x_wconf 85' lang='lat' dir='ltr'><strong>visti,</strong></span> <span class='ocrx_word' id='word_1_156' title='bbox 510 2415 743 2478; x_wconf 89' lang='lat' dir='ltr'><strong>eosque</strong></span> <span class='ocrx_word' id='word_1_157' title='bbox 798 2399 1111 2482; x_wconf 88' lang='lat' dir='ltr'><strong>uberioris</strong></span> <span class='ocrx_word' id='word_1_158' title='bbox 1178 2396 1646 2459; x_wconf 88' lang='lat' dir='ltr'><strong>beneficentiae</strong></span> <span class='ocrx_word' id='word_1_159' title='bbox 1718 2398 2033 2458; x_wconf 81' lang='lat' dir='ltr'><strong>fructibus</strong></span> <span class='ocrx_word' id='word_1_160' title='bbox 2095 2413 2318 2462; x_wconf 86' lang='lat' dir='ltr'><strong>auctos</strong></span> 
     </span>
     <span class='ocr_line' id='line_1_23' title="bbox 258 2477 2320 2582; baseline 0.002 -23"><span class='ocrx_word' id='word_1_161' title='bbox 258 2519 393 2562; x_wconf 78' lang='lat' dir='ltr'><strong>esse</strong></span> <span class='ocrx_word' id='word_1_162' title='bbox 435 2499 714 2561; x_wconf 87' lang='lat' dir='ltr'><strong>voluisti.</strong></span> <span class='ocrx_word' id='word_1_163' title='bbox 799 2500 926 2562; x_wconf 88' lang='lat' dir='ltr'><strong>Sed</strong></span> <span class='ocrx_word' id='word_1_164' title='bbox 970 2503 1276 2580; x_wconf 88' lang='lat' dir='ltr'><strong>quoniam</strong></span> <span class='ocrx_word' id='word_1_165' title='bbox 1316 2500 1520 2582; x_wconf 84' lang='lat' dir='ltr'><strong>probe</strong></span> <span class='ocrx_word' id='word_1_166' title='bbox 1562 2477 1997 2580; x_wconf 86' lang='lat' dir='ltr'><strong>intelligebas,</strong></span> <span class='ocrx_word' id='word_1_167' title='bbox 2043 2521 2178 2562; x_wconf 86' lang='lat' dir='ltr'><strong>non</strong></span> <span class='ocrx_word' id='word_1_168' title='bbox 2221 2521 2320 2564; x_wconf 85' lang='lat' dir='ltr'><strong>sa-</strong></span> 
     </span>
     <span class='ocr_line' id='line_1_24' title="bbox 254 2602 2314 2675; baseline 0.004 -15"><span class='ocrx_word' id='word_1_169' title='bbox 254 2604 339 2663; x_wconf 88' lang='lat' dir='ltr'><strong>tis</strong></span> <span class='ocrx_word' id='word_1_170' title='bbox 398 2622 557 2675; x_wconf 89' lang='lat' dir='ltr'><strong>esse,</strong></span> <span class='ocrx_word' id='word_1_171' title='bbox 622 2605 677 2663; x_wconf 89' lang='lat' dir='ltr'><strong>si</strong></span> <span class='ocrx_word' id='word_1_172' title='bbox 730 2605 1015 2665; x_wconf 88' lang='lat' dir='ltr'><strong>muneris</strong></span> <span class='ocrx_word' id='word_1_173' title='bbox 1076 2605 1366 2666; x_wconf 87' lang='lat' dir='ltr'><strong>eiusdem</strong></span> <span class='ocrx_word' id='word_1_174' title='bbox 1427 2604 1584 2666; x_wconf 88' lang='lat' dir='ltr'><strong>socii</strong></span> <span class='ocrx_word' id='word_1_175' title='bbox 1639 2603 1915 2664; x_wconf 80' lang='lat' dir='ltr'><strong>externis</strong></span> <span class='ocrx_word' id='word_1_176' title='bbox 1957 2602 2146 2664; x_wconf 90' lang='lat' dir='ltr'><strong>bonis</strong></span> <span class='ocrx_word' id='word_1_177' title='bbox 2189 2605 2314 2668; x_wconf 87' lang='lat' dir='ltr'><strong>sibi</strong></span> 
     </span>
     <span class='ocr_line' id='line_1_25' title="bbox 259 2689 2354 2794; baseline 0.002 -30"><span class='ocrx_word' id='word_1_178' title='bbox 259 2705 736 2794; x_wconf 70' lang='lat' dir='ltr'><strong>quodammodo</strong></span> <span class='ocrx_word' id='word_1_179' title='bbox 765 2689 948 2788; x_wconf 80' lang='lat' dir='ltr'><strong>pares</strong></span> <span class='ocrx_word' id='word_1_180' title='bbox 971 2709 1118 2771; x_wconf 77' lang='lat' dir='ltr'><strong>sint,</strong></span> <span class='ocrx_word' id='word_1_181' title='bbox 1164 2710 1291 2768; x_wconf 85' lang='lat' dir='ltr'><strong>nisi</strong></span> <span class='ocrx_word' id='word_1_182' title='bbox 1335 2708 1563 2768; x_wconf 88' lang='lat' dir='ltr'><strong>eadem</strong></span> <span class='ocrx_word' id='word_1_183' title='bbox 1587 2707 1982 2768; x_wconf 85' lang='lat' dir='ltr'><strong>auctoritatis</strong></span> <span class='ocrx_word' id='word_1_184' title='bbox 2027 2709 2312 2789; x_wconf 80' lang='lat' dir='ltr'><strong>aequali·</strong></span> <span class='ocrx_word' id='word_1_185' title='bbox 2346 2772 2354 2784; x_wconf 61' lang='lat'><em>‚</em></span> 
     </span>
     <span class='ocr_line' id='line_1_26' title="bbox 257 2807 2333 2880; baseline 0 -17"><span class='ocrx_word' id='word_1_186' title='bbox 257 2817 353 2865; x_wconf 87' lang='lat' dir='ltr'><strong>tas</strong></span> <span class='ocrx_word' id='word_1_187' title='bbox 398 2809 692 2880; x_wconf 81' lang='lat' dir='ltr'><strong>accedat,</strong></span> <span class='ocrx_word' id='word_1_188' title='bbox 751 2807 995 2868; x_wconf 89' lang='lat' dir='ltr'><strong>idcirco</strong></span> <span class='ocrx_word' id='word_1_189' title='bbox 1052 2808 1350 2880; x_wconf 83' lang='lat' dir='ltr'><strong>effecisti,</strong></span> <span class='ocrx_word' id='word_1_190' title='bbox 1419 2822 1496 2869; x_wconf 86' lang='lat' dir='ltr'><strong>ut</strong></span> <span class='ocrx_word' id='word_1_191' title='bbox 1551 2810 1989 2874; x_wconf 62' lang='lat' dir='ltr'><strong>inveteratum</strong></span> <span class='ocrx_word' id='word_1_192' title='bbox 2029 2811 2196 2870; x_wconf 86' lang='lat' dir='ltr'><strong>illud</strong></span> <span class='ocrx_word' id='word_1_193' title='bbox 2241 2824 2333 2870; x_wconf 89' lang='lat' dir='ltr'><strong>et.</strong></span> 
     </span>
     <span class='ocr_line' id='line_1_27' title="bbox 252 2909 2306 2991; baseline 0.003 -25"><span class='ocrx_word' id='word_1_194' title='bbox 252 2910 483 2983; x_wconf 73' lang='lat' dir='ltr'><strong>nostris</strong></span> <span class='ocrx_word' id='word_1_195' title='bbox 527 2909 925 2990; x_wconf 87' lang='lat' dir='ltr'><strong>temporibus</strong></span> <span class='ocrx_word' id='word_1_196' title='bbox 968 2911 1181 2968; x_wconf 82' lang='lat' dir='ltr'><strong>minus</strong></span> <span class='ocrx_word' id='word_1_197' title='bbox 1209 2909 1772 2969; x_wconf 84' lang='lat' dir='ltr'><strong>accommodatum</strong></span> <span class='ocrx_word' id='word_1_198' title='bbox 1813 2924 2306 2991; x_wconf 83' lang='lat' dir='ltr'><strong>praeceptorum</strong></span> 
     </span>
     <span class='ocr_line' id='line_1_28' title="bbox 256 3009 2307 3092; baseline 0.002 -22"><span class='ocrx_word' id='word_1_199' title='bbox 256 3009 698 3083; x_wconf 83' lang='lat' dir='ltr'><strong>classicorum,</strong></span> <span class='ocrx_word' id='word_1_200' title='bbox 744 3031 899 3092; x_wconf 91' lang='lat' dir='ltr'><strong>quos</strong></span> <span class='ocrx_word' id='word_1_201' title='bbox 946 3009 1259 3072; x_wconf 89' lang='lat' dir='ltr'><strong>Germani</strong></span> <span class='ocrx_word' id='word_1_202' title='bbox 1304 3013 1560 3085; x_wconf 89' lang='lat' dir='ltr'><strong>dicunt,</strong></span> <span class='ocrx_word' id='word_1_203' title='bbox 1601 3013 1972 3074; x_wconf 85' lang='lat' dir='ltr'><strong>institutum</strong></span> <span class='ocrx_word' id='word_1_204' title='bbox 2015 3035 2150 3074; x_wconf 89' lang='lat' dir='ltr'><strong>non</strong></span> <span class='ocrx_word' id='word_1_205' title='bbox 2189 3034 2307 3074; x_wconf 88' lang='lat' dir='ltr'><strong>no-</strong></span> 
     </span>
     <span class='ocr_line' id='line_1_29' title="bbox 253 3116 2309 3195; baseline 0.002 -21"><span class='ocrx_word' id='word_1_206' title='bbox 253 3116 433 3174; x_wconf 87' lang='lat' dir='ltr'><strong>mine</strong></span> <span class='ocrx_word' id='word_1_207' title='bbox 473 3126 762 3188; x_wconf 88' lang='lat' dir='ltr'><strong>tantum,</strong></span> <span class='ocrx_word' id='word_1_208' title='bbox 828 3117 939 3176; x_wconf 88' lang='lat' dir='ltr'><strong>sed</strong></span> <span class='ocrx_word' id='word_1_209' title='bbox 994 3117 1059 3174; x_wconf 88' lang='lat' dir='ltr'><strong>vi</strong></span> <span class='ocrx_word' id='word_1_210' title='bbox 1105 3116 1302 3181; x_wconf 80' lang='lat' dir='ltr'><strong>etiam</strong></span> <span class='ocrx_word' id='word_1_211' title='bbox 1347 3127 1412 3174; x_wconf 89' lang='lat' dir='ltr'><strong>et</strong></span> <span class='ocrx_word' id='word_1_212' title='bbox 1453 3126 1768 3195; x_wconf 85' lang='lat' dir='ltr'><strong>potestate</strong></span> <span class='ocrx_word' id='word_1_213' title='bbox 1811 3131 2075 3192; x_wconf 86' lang='lat' dir='ltr'><strong>eatenus</strong></span> <span class='ocrx_word' id='word_1_214' title='bbox 2117 3118 2309 3178; x_wconf 85' lang='lat' dir='ltr'><strong>tolle-</strong></span> 
     </span>
     <span class='ocr_line' id='line_1_30' title="bbox 246 3218 2305 3300; baseline 0.003 -26"><span class='ocrx_word' id='word_1_215' title='bbox 246 3229 447 3290; x_wconf 87' lang='lat' dir='ltr'><strong>retur,</strong></span> <span class='ocrx_word' id='word_1_216' title='bbox 492 3231 801 3298; x_wconf 86' lang='lat' dir='ltr'><strong>quatenus</strong></span> <span class='ocrx_word' id='word_1_217' title='bbox 844 3218 1043 3277; x_wconf 87' lang='lat' dir='ltr'><strong>etiam</strong></span> <span class='ocrx_word' id='word_1_218' title='bbox 1083 3218 1318 3298; x_wconf 87' lang='lat' dir='ltr'><strong>reliqui</strong></span> <span class='ocrx_word' id='word_1_219' title='bbox 1361 3231 1806 3299; x_wconf 84' lang='lat' dir='ltr'><strong>praeceptores</strong></span> <span class='ocrx_word' id='word_1_220' title='bbox 1835 3241 1954 3300; x_wconf 88' lang='lat' dir='ltr'><strong>pro</strong></span> <span class='ocrx_word' id='word_1_221' title='bbox 1985 3240 2098 3280; x_wconf 87' lang='lat' dir='ltr'><strong>suo</strong></span> <span class='ocrx_word' id='word_1_222' title='bbox 2142 3223 2305 3292; x_wconf 85' lang='lat' dir='ltr'><strong>iure,</strong></span> 
     </span>
     <span class='ocr_line' id='line_1_31' title="bbox 251 3319 2318 3402; baseline 0.001 -22"><span class='ocrx_word' id='word_1_223' title='bbox 251 3319 699 3402; x_wconf 76' lang='lat' dir='ltr'><strong>quodcuique</strong></span> <span class='ocrx_word' id='word_1_224' title='bbox 745 3337 895 3378; x_wconf 88' lang='lat' dir='ltr'><strong>cum</strong></span> <span class='ocrx_word' id='word_1_225' title='bbox 937 3339 1207 3380; x_wconf 87' lang='lat' dir='ltr'><strong>munere</strong></span> <span class='ocrx_word' id='word_1_226' title='bbox 1249 3321 1388 3402; x_wconf 91' lang='lat' dir='ltr'><strong>ipso</strong></span> <span class='ocrx_word' id='word_1_227' title='bbox 1415 3321 1729 3382; x_wconf 87' lang='lat' dir='ltr'><strong>traditum</strong></span> <span class='ocrx_word' id='word_1_228' title='bbox 1775 3337 1885 3396; x_wconf 89' lang='lat' dir='ltr'><strong>est,</strong></span> <span class='ocrx_word' id='word_1_229' title='bbox 1931 3341 2117 3401; x_wconf 83' lang='lat' dir='ltr'><strong>agere</strong></span> <span class='ocrx_word' id='word_1_230' title='bbox 2161 3343 2318 3402; x_wconf 44' lang='lat' dir='ltr'><strong>pose</strong></span> 
     </span>
     <span class='ocr_line' id='line_1_32' title="bbox 241 3417 2306 3508; baseline 0.002 -28"><span class='ocrx_word' id='word_1_231' title='bbox 241 3433 406 3495; x_wconf 82' lang='lat' dir='ltr'><strong>sent,</strong></span> <span class='ocrx_word' id='word_1_232' title='bbox 450 3417 659 3508; x_wconf 77' lang='lat' dir='ltr'><strong>neque</strong></span> <span class='ocrx_word' id='word_1_233' title='bbox 702 3443 767 3484; x_wconf 89' lang='lat' dir='ltr'><strong>se</strong></span> <span class='ocrx_word' id='word_1_234' title='bbox 798 3426 869 3484; x_wconf 91' lang='lat' dir='ltr'><strong>in</strong></span> <span class='ocrx_word' id='word_1_235' title='bbox 892 3425 1114 3486; x_wconf 81' lang='lat' dir='ltr'><strong>officiis</strong></span> <span class='ocrx_word' id='word_1_236' title='bbox 1138 3424 1420 3487; x_wconf 83' lang='lat' dir='ltr'><strong>colendis</strong></span> <span class='ocrx_word' id='word_1_237' title='bbox 1441 3423 1786 3504; x_wconf 84' lang='lat' dir='ltr'><strong>impeditos</strong></span> <span class='ocrx_word' id='word_1_238' title='bbox 1824 3438 1890 3484; x_wconf 88' lang='lat' dir='ltr'><strong>et</strong></span> <span class='ocrx_word' id='word_1_239' title='bbox 1919 3425 2136 3484; x_wconf 83' lang='lat' dir='ltr'><strong>animo</strong></span> <span class='ocrx_word' id='word_1_240' title='bbox 2161 3445 2306 3505; x_wconf 88' lang='lat' dir='ltr'><strong>per-</strong></span> 
     </span>
     <span class='ocr_line' id='line_1_33' title="bbox 246 3523 2306 3608; baseline 0 -26"><span class='ocrx_word' id='word_1_241' title='bbox 246 3523 536 3592; x_wconf 79' lang='lat' dir='ltr'><strong>turbatos</strong></span> <span class='ocrx_word' id='word_1_242' title='bbox 590 3546 1085 3608; x_wconf 88' lang='lat' dir='ltr'><strong>nonnumquam</strong></span> <span class='ocrx_word' id='word_1_243' title='bbox 1138 3530 1456 3590; x_wconf 79' lang='lat' dir='ltr'><strong>sentirent</strong></span> <span class='ocrx_word' id='word_1_244' title='bbox 1518 3543 1642 3602; x_wconf 69' lang='lat' dir='ltr'><strong>eo,</strong></span> <span class='ocrx_word' id='word_1_245' title='bbox 1717 3523 1893 3606; x_wconf 89' lang='lat' dir='ltr'><strong>quod</strong></span> <span class='ocrx_word' id='word_1_246' title='bbox 1949 3525 2109 3586; x_wconf 82' lang='lat' dir='ltr'><strong>alius</strong></span> <span class='ocrx_word' id='word_1_247' title='bbox 2167 3528 2306 3590; x_wconf 83' lang='lat' dir='ltr'><strong>vim</strong></span> 
     </span>
     <span class='ocr_line' id='line_1_34' title="bbox 245 3626 2304 3714; baseline 0.004 -31"><span class='ocrx_word' id='word_1_248' title='bbox 245 3626 413 3684; x_wconf 89' lang='lat' dir='ltr'><strong>iusto</strong></span> <span class='ocrx_word' id='word_1_249' title='bbox 456 3630 792 3705; x_wconf 89' lang='lat' dir='ltr'><strong>maiorem,</strong></span> <span class='ocrx_word' id='word_1_250' title='bbox 836 3633 957 3714; x_wconf 83' lang='lat' dir='ltr'><strong>ipsi</strong></span> <span class='ocrx_word' id='word_1_251' title='bbox 1000 3649 1150 3690; x_wconf 89' lang='lat' dir='ltr'><strong>sane</strong></span> <span class='ocrx_word' id='word_1_252' title='bbox 1185 3629 1549 3705; x_wconf 80' lang='lat' dir='ltr'><strong>laetiorem,</strong></span> <span class='ocrx_word' id='word_1_253' title='bbox 1593 3628 1706 3690; x_wconf 89' lang='lat' dir='ltr'><strong>sed</strong></span> <span class='ocrx_word' id='word_1_254' title='bbox 1747 3627 2121 3709; x_wconf 86' lang='lat' dir='ltr'><strong>disciplinae</strong></span> <span class='ocrx_word' id='word_1_255' title='bbox 2163 3647 2304 3692; x_wconf 82' lang='lat' dir='ltr'><strong>non</strong></span> 
     </span>
     <span class='ocr_line' id='line_1_35' title="bbox 245 3715 2298 3816; baseline 0.002 -30"><span class='ocrx_word' id='word_1_256' title='bbox 245 3727 459 3790; x_wconf 86' lang='lat' dir='ltr'><strong>minus</strong></span> <span class='ocrx_word' id='word_1_257' title='bbox 522 3749 595 3791; x_wconf 88' lang='lat' dir='ltr'><strong>ac</strong></span> <span class='ocrx_word' id='word_1_258' title='bbox 653 3733 880 3794; x_wconf 89' lang='lat' dir='ltr'><strong>litteris</strong></span> <span class='ocrx_word' id='word_1_259' title='bbox 956 3735 1486 3816; x_wconf 86' lang='lat' dir='ltr'><strong>perniciosiorem</strong></span> <span class='ocrx_word' id='word_1_260' title='bbox 1542 3734 1948 3812; x_wconf 83' lang='lat' dir='ltr'><strong>anticiparet.</strong></span> <span class='ocrx_word' id='word_1_261' title='bbox 2031 3729 2110 3791; x_wconf 86' lang='lat' dir='ltr'><strong>Id</strong></span> <span class='ocrx_word' id='word_1_262' title='bbox 2137 3715 2298 3790; x_wconf 64' lang='lat' dir='ltr'><strong>¹&#39;iam</strong></span> 
     </span>
     <span class='ocr_line' id='line_1_36' title="bbox 244 3819 2302 3914; baseline 0.002 -28"><span class='ocrx_word' id='word_1_263' title='bbox 244 3829 389 3888; x_wconf 79' lang='lat' dir='ltr'><strong>satis</strong></span> <span class='ocrx_word' id='word_1_264' title='bbox 445 3835 839 3894; x_wconf 82' lang='lat' dir='ltr'><strong>auctoritatis</strong></span> <span class='ocrx_word' id='word_1_265' title='bbox 894 3835 1123 3898; x_wconf 83' lang='lat' dir='ltr'><strong>afferat</strong></span> <span class='ocrx_word' id='word_1_266' title='bbox 1178 3854 1437 3898; x_wconf 83' lang='lat' dir='ltr'><strong>necesse</strong></span> <span class='ocrx_word' id='word_1_267' title='bbox 1504 3849 1627 3910; x_wconf 85' lang='lat' dir='ltr'><strong>est,</strong></span> <span class='ocrx_word' id='word_1_268' title='bbox 1705 3834 1878 3914; x_wconf 91' lang='lat' dir='ltr'><strong>quod</strong></span> <span class='ocrx_word' id='word_1_269' title='bbox 1925 3819 2038 3904; x_wconf 68' lang='lat' dir='ltr'><strong>ii,</strong></span> <span class='ocrx_word' id='word_1_270' title='bbox 2072 3831 2302 3912; x_wconf 71' lang='lat' dir='ltr'><strong>quibus</strong></span> 
     </span>
     <span class='ocr_line' id='line_1_37' title="bbox 258 3923 2307 4024; baseline 0.002 -34"><span class='ocrx_word' id='word_1_271' title='bbox 258 3923 542 4014; x_wconf 26' lang='lat' dir='ltr'><strong>custokdia</strong></span> <span class='ocrx_word' id='word_1_272' title='bbox 586 3937 774 3996; x_wconf 87' lang='lat' dir='ltr'><strong>unius</strong></span> <span class='ocrx_word' id='word_1_273' title='bbox 798 3937 1275 4024; x_wconf 24' lang='lat' dir='ltr'><strong>discipulorum·</strong></span> <span class='ocrx_word' id='word_1_274' title='bbox 1304 3939 1548 4002; x_wconf 84' lang='lat' dir='ltr'><strong>ordinis</strong></span> <span class='ocrx_word' id='word_1_275' title='bbox 1581 3935 1971 4000; x_wconf 81' lang='lat' dir='ltr'><strong>demandata</strong></span> <span class='ocrx_word' id='word_1_276' title='bbox 2013 3949 2126 4010; x_wconf 86' lang='lat' dir='ltr'><strong>est,</strong></span> <span class='ocrx_word' id='word_1_277' title='bbox 2170 3950 2307 3996; x_wconf 87' lang='lat' dir='ltr'><strong>om-</strong></span> 
     </span>
    </p>
   </div>
  </div>
 </body>
</html>
