2644 4450
364 376 368 383 ¹
448 294 529 357 14
1018 290 1101 353 D.
1146 290 1346 357 IUN.
1393 290 1953 354 IUVENALIS

442 462 761 524 Cedamus
804 461 1037 543 patria:
1095 462 1317 523 vivant
1360 462 1651 523 Artorius
1693 464 1836 525 istic

436 584 521 648 Et
542 583 836 643 Catulus:
878 594 1208 653 maneant,
1240 582 1352 661 qui
1379 583 1640 663 nigrum
1668 584 1741 643 in
1767 583 2040 644 candida
2067 597 2354 658 vertunt,
2420 590 2515 651 30

441 706 597 785 Quis
642 701 832 787 facile
878 713 971 761 est
1016 700 1243 759 aedem
1289 702 1679 773 conducere,
1723 703 2029 775 flumina,
2072 717 2328 784 portus,

432 820 815 885 siccandam
878 820 1193 892 eluviem,
1248 816 1645 901 portandum
1703 823 1786 881 ad
1840 821 2028 883 busta
2085 824 2396 899 cadaver,

432 942 519 1001 Et
561 941 867 1023 praebere
915 954 1109 1021 caput
1154 942 1419 1001 domina
1463 939 1689 1001 venale
1733 940 1848 1001 sub
1893 941 2094 1003 hasta.

436 1061 781 1141 Quondam
827 1062 902 1123 hi
946 1063 1303 1122 cornicines
1349 1073 1414 1121 et
1455 1061 1865 1141 municipalis
1931 1082 2166 1123 arenae

428 1182 736 1271 Perpetui
781 1182 1051 1242 comites
1090 1192 1408 1261 notaeque
1453 1200 1568 1263 per
1599 1180 1836 1261 oppida
1879 1181 2154 1256 buccae,
2407 1184 2495 1251 35

427 1302 708 1370 Munera
750 1322 925 1363 nunc
972 1301 1173 1362 edunt
1196 1342 1215 1373 ‚
1262 1314 1328 1359 et
1372 1320 1550 1361 verso
1595 1300 1834 1379 pollice
1879 1301 2090 1382 vulgi,

433 1422 809 1500 Quemlibet
851 1422 1161 1483 occidunt
1203 1420 1632 1509 populariter:
1699 1419 1852 1481 inde
1896 1423 2132 1482 reversi

426 1542 815 1623 Conducunt
857 1542 1119 1613 foricas,
1166 1552 1233 1600 et
1278 1560 1396 1599 cur
1437 1558 1574 1599 non
1619 1540 1878 1599 omnia?
1925 1559 2126 1620 quum
2169 1542 2337 1623 sint,

426 1658 661 1741 Quales
709 1681 785 1721 ex
828 1660 1063 1723 humili
1106 1680 1344 1743 magna
1390 1661 1471 1720 ad
1513 1659 1767 1739 fastigia
1807 1678 2029 1717 rerum

418 1780 721 1871 Extollit,
770 1784 1012 1863 quoties
1057 1782 1264 1841 voluit
1307 1780 1568 1839 fortuna
1611 1780 1831 1839 iocari.
2395 1782 2484 1846 40
2517 1863 2534 1877 e
2615 1818 2622 1825 ·

422 1900 601 1980 Quid
642 1901 890 1961 Romae
936 1901 1215 1961 faciam?
1274 1899 1547 1959 Mentiri
1588 1880 1832 1969 nescio:
1871 1896 2150 1973 librum,
2197 1944 2255 1973 x

418 2019 487 2079 Si
531 2020 737 2081 malus
784 2012 907 2091 est,
950 2037 1203 2099 nequeo
1250 2017 1548 2089 laudare,
1595 2032 1660 2079 et
1703 2004 1988 2100 poscere:
2032 2032 2248 2079 motus

416 2138 755 2199 Astrorum
797 2140 1051 2218 ignoro:
1096 2137 1287 2197 funus
1333 2139 1710 2221 promittere
1755 2140 1954 2219 patris

414 2258 551 2318 Nec
596 2259 775 2330 vole,
821 2233 943 2318 nec
987 2276 1279 2339 possum:
1325 2277 1634 2320 ranarum
1683 2261 1920 2320 viscera
1963 2279 2327 2338 numquam

413 2376 688 2457 Inspexi.
776 2377 968 2440 Ferre
1016 2378 1097 2437 ad
1137 2391 1446 2458 nuptam,
1497 2399 1657 2458 quae
1690 2381 1894 2440 mittit
1941 2359 2213 2467 adulter,
2392 2380 2476 2446 45

415 2497 597 2575 Quae
642 2497 939 2572 mandat,
982 2475 1203 2586 norint
1250 2499 1389 2558 alii:
1434 2518 1542 2557 me
1585 2519 1779 2558 nemo
1823 2501 2119 2560 ministro

412 2616 545 2676 Fur
590 2619 741 2692 erit,
788 2631 977 2699 atque
1021 2618 1168 2678 ideo
1213 2619 1381 2678 nulli
1429 2638 1680 2712 comess,
1727 2629 1883 2678 exeo
1925 2631 2237 2699 tanquam

410 2737 683 2802 Mancus
728 2752 792 2798 et
838 2740 1185 2799 exstinctae
1232 2759 1459 2819 corpus
1503 2758 1636 2798 non
1682 2739 1842 2800 utile
1888 2737 2165 2800 dextrae.

412 2858 570 2936 Quis
614 2841 790 2916 nunc
838 2833 1157 2936 diligitur,
1216 2859 1342 2916 nisi
1389 2859 1676 2918 conscius
1721 2871 1785 2917 et
1831 2859 1938 2919 cui
1981 2858 2234 2918 fervens
2333 2891 2352 2910 ι

404 2977 673 3036 Aestuat
716 2975 981 3035 occultis
1028 2976 1281 3036 animus
1326 2975 1704 3056 semperque
1747 2976 2074 3037 tacendis?
2381 2977 2470 3044 50

403 3095 517 3155 Nil
560 3095 690 3186 tibi.
724 3115 788 3156 se
835 3095 1065 3154 debere
1110 3107 1329 3176 putat,
1371 3096 1470 3156 nil
1514 3096 1801 3156 conferet
1843 3115 2162 3178 unquam,

399 3213 795 3295 Participem
829 3216 938 3295 qui
964 3227 1030 3274 te
1070 3190 1301 3276 secreti
1343 3216 1498 3276 fecit
1543 3217 1817 3282 honesti.
1846 3220 1850 3228 ’

404 3335 606 3397 Carus
651 3337 773 3395 erit
824 3335 1041 3410 Verri,
1087 3337 1199 3416 qui
1239 3337 1511 3396 Verrem
1553 3349 1878 3416 tempore,
1925 3356 2051 3418 quo
2097 3335 2272 3409 vult,

398 3456 715 3516 Accusare
758 3469 985 3536 potest.
1074 3455 1274 3517 Tanti
1317 3458 1441 3517 tibi
1483 3477 1620 3518 non
1659 3458 1740 3516 sit
1785 3457 1972 3535 opaci
2239 3433 2254 3445 ,

398 3577 628 3636 Omnis
673 3597 868 3637 arena
893 3577 1057 3661 Tagi
1089 3577 1385 3658 quodque
1416 3579 1487 3637 in
1513 3597 1692 3636 mare
1719 3576 2000 3640 volvitur
2029 3595 2284 3650 aurum,
2331 3539 2464 3640 s55

395 3693 489 3754 Ut
529 3715 755 3756 somno
803 3717 1017 3758 careas
1061 3697 1488 3778 ponendaque
1532 3668 1824 3776 praemia
1867 3715 2078 3756 sumas
2207 3689 2218 3700 ’

393 3811 621 3875 Tristis
665 3829 730 3875 et
776 3837 813 3877 a
854 3837 1091 3898 magno
1136 3835 1390 3897 semper
1433 3817 1718 3876 timearis
1764 3816 1996 3876 amico.

406 3988 411 3992 .
468 4019 473 4026 ἕ
526 3933 705 4012 Quae
748 3955 927 3996 nunc
973 3936 1273 3997 divitibus
1318 3955 1472 4016 gens
1518 3937 1959 4016 acceptissima
2002 3937 2236 3997 uostris
