2644 4450
338 292 437 367 ‘210
912 281 996 343 D
1041 277 1245 346 nm:
1290 276 1864 343 IUVENALIS

349 460 561 539 Atque
593 456 843 517 Bonam
870 468 1135 517 tenerae
1164 438 1430 535 plabant
1457 452 1804 513 abdomine
1830 470 2065 537 porcae

349 580 435 640 Et
467 595 703 657 magno
734 587 979 635 cratere
1007 572 1249 635 Deam.
1290 573 1403 633 sed
1429 590 1614 633 more
1639 572 1894 632 sinistro

348 698 701 777 Exagitata
710 694 940 775 procul
964 713 1102 758 non
1143 694 1348 753 intrat
1374 690 1620 753 femina
1642 690 1870 753 limen.

348 818 513 877 Solis
544 831 654 877 ara
680 811 859 874 Deae
890 813 1175 875 maribus
1204 824 1404 893 patet.
1491 810 1590 871 Ite
1629 810 1974 893 profanae,

354 938 717 1000 Clamatur:
762 934 947 995 nullo
972 933 1175 1013 gemit
1200 931 1313 992 hic
1341 931 1613 993 tibicina
1643 949 1866 995 cornu.
2327 929 2417 992 90

350 1055 545 1117 Talia
573 1066 816 1118 secreta
842 1052 1187 1115 coluerunt
1213 1052 1412 1134 Orgia
1433 1053 1625 1114 taeda

352 1174 736 1256 Cecropiam
769 1172 945 1235 soliti
970 1172 1213 1253 Baptae
1237 1167 1474 1233 lassare
1509 1171 1795 1252 CotyttO.
2391 1143 2412 1215 1

348 1293 479 1355 Ille
514 1292 936 1375 supercilium
986 1292 1251 1353 madida
1268 1292 1562 1377 ⁷fuligine
1605 1304 1857 1352 tactum

350 1414 634 1494 Obliqua
678 1411 983 1492 producit
1020 1380 1142 1471 acu
1202 1396 1552 1493 pingitque¹
1587 1423 1938 1471 trementes

314 1581 320 1588 .
350 1532 689 1595 Adtollens
715 1532 963 1591 oculos:
1009 1532 1211 1591 vitreo
1247 1531 1418 1607 bibit
1449 1532 1562 1593 ille
1581 1530 1816 1611 Priapo
1929 1564 1935 1569 -
2253 1612 2258 1615 Ι
2325 1526 2418 1595 95

350 1653 871 1733 Reticulumque.
888 1652 1091 1713 comis
1118 1664 1422 1713 auratum
1449 1650 1818 1733 ingentibus
1865 1648 2096 1729 implet
2118 1694 2135 1723 ‚

352 1772 674 1837 caerulea
698 1772 998 1846 indutus,
1042 1768 1394 1847 scutulata,
1439 1784 1554 1833 aut
1581 1771 1860 1852 galbana
1889 1790 2034 1831 rasa

350 1891 439 1953 Et
468 1913 583 1974 per
616 1892 943 1951 Iunonem
966 1890 1218 1951 domini
1250 1863 1508 1951 iurante
1542 1892 1860 1954 ministro·

352 2010 479 2071 Ille
506 2022 686 2071 tenet
714 2010 1083 2089 speculum,
1128 2008 1377 2089 pathici
1407 2022 1738 2091 gestamen
1763 2008 2038 2072 Othonis
2055 2055 2073 2085 ‚

242 2122 249 2129 ’
308 2162 315 2177 ·
350 2130 601 2191 Actoris
630 2129 920 2189 Aurunci
946 2128 1258 2209 spolium,
1306 2150 1434 2210 quo
1461 2148 1528 2190 se
1555 2130 1670 2191 ille
1715 2128 1973 2189 videbat
2265 2132 2415 2195 100

348 2251 731 2322 Armatam,
778 2266 981 2330 quum
1023 2250 1159 2310 iam
1187 2251 1338 2312 tolli
1377 2251 1614 2320 vexilla
1643 2247 1917 2312 iuberet.

350 2371 477 2442 Res
507 2370 933 2430 memoranda
961 2366 1143 2431 novis
1175 2371 1516 2433 annalibus
1547 2384 1740 2452 atque
1770 2371 2020 2442 recenti

351 2487 639 2550 fflstoria
666 2489 1003 2570 speculum
1045 2491 1249 2552 civilis
1290 2494 1541 2554 sarcina
1564 2492 1744 2553 belli.

349 2609 951 2675 Nimirum,summi
975 2611 1159 2672 ducis
1202 2623 1297 2672 est
1314 2659 1336 2692 ,
1381 2611 1675 2674 occidere
1704 2609 1987 2680 Galbam

286 2761 292 2766 ·
348 2729 437 2792 Et
468 2732 693 2792 curare
732 2743 983 2790 cutem:
1028 2733 1269 2792 mmmi
1300 2733 1659 2795 constantia
1689 2731 1874 2808 civis,
2287 2729 2418 2800 105

248 2855 266 2871 ‘
346 2849 649 2912 Bebriaci
678 2837 908 2929 cainp'o
928 2849 1218 2929 spolium
1250 2850 1552 2912 affectare
1583 2849 1794 2912 Palati

295 2981 301 2988 “
350 2969 437 3030 Et
454 2989 751 3062 pressum
784 2968 861 3031 in
884 2966 1051 3028 facie
1080 2969 1292 3049 digitis
1331 2969 1678 3030 extendere
1706 2991 1972 3051 panem:

354 3089 551 3169 Quod
573 3090 805 3150 necin
831 3088 1085 3169 Assyrio
1133 3088 1508 3168 pharetrata
1545 3087 1918 3154 Semiramis
1961 3094 2151 3170 orbe,

350 3209 607 3270 Moesta
630 3227 753 3268 nec
781 3208 1049 3268 Actiaca
1076 3207 1225 3299 fecit
1250 3208 1592 3292 Cleopatra
1621 3212 1861 3274 carina.
1909 3198 1916 3232 ‘

347 3327 479 3390 Hic
502 3328 725 3388 nullus
749 3326 960 3388 verbis
989 3328 1201 3410 pudor
1230 3340 1345 3388 aut
1370 3332 1732 3393 reverentia
1755 3351 2036 3398 mensae.
2289 3338 2416 3420 110

349 3449 479 3510 Hic
507 3449 711 3530 turpis
751 3447 1023 3530 Cybeles
1051 3462 1116 3508 et
1141 3447 1347 3508 fracta
1377 3469 1534 3509 voce
1561 3451 1870 3531 loquendi
1979 3463 1984 3468 “

348 3569 649 3632 Libertas
682 3579 747 3629 et
776 3567 955 3628 crine
977 3587 1169 3628 senex
1192 3545 1576 3648 phanaticus
1601 3570 1750 3632 albo

352 3680 699 3748 Sacrorum
730 3689 1023 3761 antistes,
1066 3707 1291 3750 rarum
1316 3707 1392 3748 ac
1417 3691 1845 3752 memorabile
1877 3694 2104 3778 magni

356 3806 652 3871 Gutturis
684 3806 1666 3890 exemplum=conducendusque
1705 3809 2026 3894 magister.

302 4003 306 4007 Ι
335 3924 533 4004 'Quid
548 3938 770 3987 tamen
788 3940 1173 4006 exspectant,
1200 3925 1482 4008 Phrygio
1495 3929 1634 4010 quis
1654 3943 1908 4012 tempus
1935 3946 2073 3994 erat
2086 3933 2219 3994 iam
2285 3933 2316 3996 1
2329 3929 2411 3996 15
