2644 4450
806 258 1336 321 SATIRA
1421 259 1585 322 VII.
1750 288 1757 307 =
2127 254 2217 325 6⁷

180 429 331 489 Sana
374 428 547 489 facit.
632 428 943 509 Spectant
982 430 1370 501 subeuntem
1411 417 1542 491 fata
1585 430 1812 511 mariti
1901 414 1912 419 “

185 550 475 609 Alcestim
521 560 585 608 et
600 593 616 623 ,
662 550 889 610 similis
931 550 983 611 si
1026 525 1422 630 permutatio
1467 550 1682 623 detur,
1819 529 1825 539 ¹

182 670 373 761 Morte
419 670 545 729 viri
592 669 855 749 cupiant
898 671 1189 731 animam
1231 688 1484 731 servare
1529 671 1815 733 catellae.
2211 745 2218 759 .

183 756 527 849 Occurrerit
566 786 814 847 multae
856 788 980 848 tibi
1007 788 1257 857 Belides
1302 801 1496 868 atque
1539 788 1918 869 Eriphylae:
1983 822 1988 829 ·
2078 768 2218 853 ι’655

180 908 355 969 Mane
402 908 1000 987 Clytaemnestram
1042 908 1261 969 nullus
1302 928 1442 969 non
1487 908 1662 967 vicus
1705 904 1988 968 habebit.

180 1025 305 1099 Hoc
344 1040 609 1087 tantum
654 1026 853 1087 refert
870 1071 887 1100 ,
935 1028 1106 1109 quod
1150 1028 1466 1109 Tyndaris
1508 1026 1625 1087 illa
1665 1027 2018 1108 bipennem

180 1144 484 1207 Insulsam
528 1158 593 1207 et
633 1143 883 1209 fatuam
928 1148 1151 1207 dextra
1192 1147 1498 1229 laevaque
1544 1148 1832 1209 tenebat-z
2095 1144 2218 1225 39
2315 1167 2335 1191 ⁶

182 1266 259 1325 At
294 1288 474 1327 nunc
513 1286 615 1331 res
662 1269 873 1348 agitur
911 1269 1095 1330 tenui
1138 1267 1452 1366 pulmone
1492 1268 1796 1341 rubetae,

185 1384 292 1445 Sed
328 1400 555 1447 tamen
598 1400 663 1447 et
705 1387 875 1447 ferro
900 1434 917 1462 ,
961 1389 1014 1448 si
1040 1398 1496 1468 ,praegustaret
1537 1368 1792 1447 Atrides
2091 1388 2224 1453 660

180 1502 429 1569 Pontica
477 1520 577 1567 ter
618 1510 775 1571 victi
803 1520 1044 1569 'cautus
1082 1508 1522 1593 medicamina
1560 1509 1746 1588 regis.

748 1900 1359 2003 SATIRA
1465 1930 1666 2005 νη.

286 2100 377 2161 Et
422 2073 562 2183 spes
607 2113 673 2161 et
716 2105 883 2164 ratio
926 2082 1287 2163 studioruin
1329 2103 1403 2163 in
1451 2100 1720 2183 Caesare
1761 2112 2050 2163 tantuma

180 2219 345 2283 Solus
394 2223 574 2283 enim
616 2224 823 2286 tristes
867 2223 991 2284 hac
1031 2236 1412 2304 tempestate
1458 2222 1772 2283 Camenas
1807 2257 1812 2264 ’

180 2321 503 2424 Respexit,
550 2363 749 2424 quum
792 2348 927 2405 iam
972 2345 1253 2404 celebres
1296 2345 1564 2424 notique
1609 2355 1844 2424 poetae
1920 2397 1926 2405 .

117 2435 122 2442 .
182 2460 555 2522 Balneolum
597 2437 839 2536 Gabiis,
862 2463 1134 2551 *Romae
1182 2465 1572 2524 conducere‘
1592 2463 1816 2522 furnos

184 2575 559 2654 Tentarent,
604 2601 725 2641 nec
768 2581 1039 2642 foedum
1085 2581 1229 2653 alii,
1272 2599 1398 2654 nec
1441 2593 1629 2660 turpe
1673 2591 1980 2660 putarent
2167 2573 2226 2642 '5

186 2696 525 2761 Praecones
569 2698 743 2773 fieri,
790 2719 1021 2778 quum,
1069 2697 1332 2756 desertis
1377 2698 1740 2776 Aganippes

190 2815 498 2894 vallibus,
522 2796 830 2896 esuriens
853 2802 1179 2897 =migraret
1222 2817 1292 2876 in
1335 2818 1498 2876 atria
1546 2813 1714 2880 Clio.

191 2933 336 3026 Natu
376 2941 431 3000 si
474 2939 690 2999 Pieria
734 2937 1051 3018 quadrans
1093 2936 1217 2997 tibi
1258 2935 1476 2996 nullus
1518 2937 1590 2996 in
1634 2934 1867 2995 umbra
1971 2973 1980 2980 ·
2067 2949 2076 2958 ·

194 3053 595 3132 ostendatur,
643 3077 815 3118 ames
858 3077 1103 3118 nomen
1145 3059 1518 3138 victumque
1561 3055 1979 3127 Machaerae,
2042 3089 2050 3096 -

193 3169 265 3233 Et
302 3180 537 3264 yensdas
580 3181 791 3260 potius
809 3224 824 3253 ,
870 3179 1207 3272 cormpissa
1253 3177 1424 3258 quod
1468 3175 1682 3234 auctio
1727 3174 1952 3234 vendit
2013 3243 2020 3268 Ι
2145 3175 2226 3238 10

194 3289 500 3358 stantibus
519 3344 537 3372 ,
584 3297 1027 3377 oenophorum
1046 3342 1061 3370 ,
1106 3296 1390 3376 tripodas
1406 3339 1423 3369 ,
1471 3295 1750 3354 armaria
1768 3337 1785 3367 ,
1832 3295 2017 3352 cistas
2034 3337 2052 3364 ,

196 3410 519 3477 Alcithoen
562 3415 783 3488 Pacci,
818 3393 1086 3476 ’Thebas
1132 3429 1197 3475 et
1240 3393 1450 3474 Terea
1491 3413 1726 3472 Fausti.

197 3525 323 3590 Hoc
364 3539 585 3608 satius,
630 3555 824 3617 quam
868 3538 921 3596 si
967 3536 1145 3602 dicas
1180 3533 1299 3593 sub
1343 3532 1588 3602 iudice,
1647 3531 1816 3603 vidi,

202 3646 373 3726 Quod.
412 3675 543 3714 non
588 3657 830 3730 vidisti,
875 3655 1120 3714 saciant
1164 3655 1408 3734 equites
1451 3651 1670 3710 Asiani

205 3763 606 3854 Quamquam,
622 3789 688 3835 et
702 3776 1111 3859 Cappadoces
1125 3771 1770 3852 faciant,=equitesque
1785 3767 2066 3851 Bithyni,
2081 3763 2094 3773 ⁵
2141 3768 2222 3836 15
2322 3759 2333 3771 Χ

205 3882 405 3951 Altera
446 3895 595 3976 quo‘s
637 3897 815 3961 nudo
862 3897 1141 3958 traducit
1186 3895 1404 3956 Gallia
1443 3891 1596 3954 talo·
