2644 4450
419 257 516 378 115·
550 254 639 317 D.
683 254 860 317 IUN.
902 252 1361 315 IUVENALIS
1402 252 1791 317 SATIRAM
1834 254 1977 317 XII.
2104 258 2233 323 349

171 428 468 510 loquutio
513 428 764 487 nullam
810 425 1153 509 conferret
1205 445 1426 507 opem,
1466 412 1715 488 'dativo
1770 426 2027 497 addito,
2096 440 2235 489 tam

169 548 350 641 nude
393 562 572 609 esset.
659 546 834 607 Tum
879 547 1270 609 adiectivum
1313 548 1567 607 incerto
1606 546 1817 607 vicem
1852 545 2235 609 substantivi
2266 548 2275 553 ’

169 671 472 743 sustinet,
517 669 709 729 sicuti
750 669 824 727 111
867 635 1178 749 exemplis
1221 667 1479 727 incerta
1524 685 1811 735 casuum,
1860 666 2085 739 maris,
2130 686 2231 725 zn-

168 792 332 851 ania
369 808 621 861 rerunt,
665 806 846 849 vana
887 806 1151 859 rerum,
1215 786 1497 865 aliaque,
1554 804 1715 865 quae
1754 785 1982 847 Tacito
2028 798 2090 847 et
2134 806 2231 849 se-

165 909 328 969 riori
373 908 640 967 omnino
686 908 882 967 aetati
939 904 1440 1005 familiarissima
1492 918 1669 965 sunt.
1730 917 1799 965 at
1854 906 2058 965 rarius
2099 907 2227 966 sin-

165 1028 464 1109 gularem
507 1027 810 1087 adiectivi
824 1071 872 1101 ‚
865 1025 1004 1106 pr'o
1048 990 1473 1085 substantivo
1492 1024 1931 1084 collocatum
1912 1026 2225 1091 invenies

161 1147 380 1208 Aliam
439 1166 648 1227 nuper
720 1142 1224 1227 interpungendi
1279 1132 1632 1215 rationem,
1707 1142 1831 1203 hac
1906 1146 2225 1225 scriptura

161 1267 406 1339 electa,
453 1264 792 1333 Cramerus
837 1265 1141 1345 proponit
1185 1261 1266 1322 ad
1307 1262 1503 1321 schol.
1550 1282 1692 1343 pag.
1738 1264 1887 1327 462.

248 1384 424 1445 Cum
465 1385 690 1465 plenus
733 1383 938 1444 fluctu
981 1382 1232 1443 medius
1275 1381 1443 1441 foret
1488 1382 1703 1443 alveus
1726 1425 1743 1456 ‚
1790 1397 1857 1443 et
1898 1368 2055 1453 iam·

243 1504 590 1565 Alternum
631 1506 864 1585 puppis
907 1505 1076 1565 latus
1121 1481 1556 1563 evertentibus
1600 1500 1791 1566 undis
1806 1546 1825 1575 ‚
1894 1542 1899 1556 .

243 1624 507 1685 Arboris
549 1628 800 1685 incerto
815 1647 840 1681 ε.
873 1622 1131 1683 nullam
1170 1619 1519 1699 prudentia
1562 1622 1711 1683 cani
1724 1666 1743 1695 ‚

243 1738 540 1801 Rectoris
586 1760 739 1801 cum
781 1740 986 1803 ferret.
1025 1756 1219 1819 opem
1233 1783 1252 1811 ,

160 1860 291 1921 hoc
333 1880 520 1919 sensu
536 1908 554 1937 ,
597 1874 664 1921 et
706 1862 841 1921 iam
887 1846 1214 1921 alternum
1255 1859 1427 1919 latus
1468 1860 1743 1943 plenum
1784 1858 1993 1921 fluctu
2032 1860 2219 1931 foret,

156 1980 596 2044 evertentibus
619 1980 692 2041 id
735 1978 924 2039 undis
955 1976 1040 2039 ob
1068 1978 1549 2041 vacillationem
1594 1992 1659 2041 et
1688 1980 2223 2042 incertitudinem

153 2100 402 2160 arboris
444 2121 490 2161 ε.
535 2100 724 2174 mali,
771 2098 986 2179 durch
1012 2098 1137 2159 das
1179 2098 1579 2164 Schlenltern
1608 2101 1725 2161 des
1762 2098 2040 2177 Maste-5.
2116 2098 2223 2159 In-

151 2235 336 2282 certo
381 2242 460 2282 ex
501 2200 650 2282 Mss.
715 2234 840 2296 est,
901 2234 966 2281 et
1028 2218 1423 2282 substantive
1482 2219 1907 2301 capiendum,
1965 2233 2039 2280 ut
2080 2220 2219 2280 iam

149 2340 586 2402 Mancinellus
633 2342 794 2402 vidit
813 2386 830 2415 ‚
875 2351 1106 2420 'neque
1163 2315 1262 2402 iet
1291 2341 1584 2402 alienum
1642 2359 1775 2400 esse
1822 2340 1901 2400 ab
1950 2341 2213 2420 optimis

149 2461 566 2540 scriptoribus
582 2505 599 2531 ,
659 2461 783 2518 viri
825 2457 1003 2516 docti
1057 2457 1306 2516 dudum
1351 2457 1829 2518 ostenderunt.“
1914 2457 2043 2522 Sed
2098 2479 2215 2518 ne·

149 2598 278 2658 que
324 2579 518 2649 hane,
559 2588 786 2656 utpote
831 2573 1166 2634 difficilem
1191 2576 1553 2649 intellectu,
1596 2595 1807 2658 neque
1839 2578 2043 2652 illam,
2086 2597 2211 2638 nec

148 2713 632 2777 quamcumque
676 2675 872 2752 aiiam
916 2695 1387 2756 correctionem
1428 2697 1585 2758 huic
1628 2697 1775 2756 loco
1820 2697 2211 2782 adscriptam

147 2815 596 2901 probaverim,
643 2815 822 2894 quia,
866 2825 940 2874 ut
981 2814 1118 2874 iam
1163 2811 1447 2890 dictum,
1489 2817 1751 2898 vulgata
1794 2829 1859 2876 et
1900 2831 2110 2898 potest
2142 2815 2209 2878 et

147 2935 348 3020 debet
391 2927 668 2996 defendi.
723 2934 1123 3011 'Haeserunt
1167 2939 1551 3016 interpretes
1597 2937 1669 2996 in
1714 2936 1985 3018 duplicis
2030 2940 2207 3014 geni-

142 3057 268 3116 tivi
310 3057 644 3130 iunctura,
705 3068 770 3116 et
825 3055 1092 3138 quidem
1139 3024 1520 3131 verborum,
1579 3075 1741 3138 quae
1800 3077 2205 3137 quocumque

142 3175 346 3236 modo
393 3177 712 3256 explicare
753 3187 994 3249 tentas,
1049 3173 1228 3234 idem
1270 3175 1654 3258 significant.
1741 3176 1911 3238 Nam
1945 3176 2205 3256 puppis

139 3313 268 3377 pro
309 3282 449 3356 tota
487 3297 639 3355 navi
685 3295 858 3356 dicta
899 3307 995 3356 est
1013 3337 1032 3368 ,
1075 3294 1377 3376 idemque
1425 3297 1731 3378 exprimit
1778 3295 1997 3356 arbor.
2082 3292 2202 3352 Al

140 3428 408 3475 ternum
442 3415 690 3508 puppii
729 3415 905 3474 latus
945 3415 1401 3511 evertentibus
1424 3402 1638 3478 undis
1679 3418 1723 3478 i.
1758 3435 1813 3474 e.
1858 3412 2085 3472 undis
2089 3431 2203 3471 na

142 3551 300 3592 vem
342 3532 536 3592 modo
579 3535 652 3594 in
695 3533 1013 3608 dextrum,
1057 3507 1253 3594 modo
1297 3537 1370 3596 in
1395 3538 1725 3598 sinistrum
1749 3537 1913 3594 latus
1956 3533 2200 3590 iactan-

141 3650 571 3712 tibu3.1am
611 3673 747 3712 non
791 3666 1239 3734 exspectantur
1283 3655 1479 3714 verba
1544 3653 1824 3716 Arboris
1880 3651 2197 3722 incertae,

141 3772 258 3832 sed
301 3791 502 3852 quum
547 3771 775 3844 adsint,
817 3771 1116 3834 uberiore
1159 3794 1453 3836 sermone
1484 3773 1700 3834 addita
1744 3771 1934 3845 dicaS,
1976 3774 2195 3852 perin-

141 3891 228 3954 de
285 3910 358 3952 ac
411 3894 467 3955 si
519 3913 656 3958 non
713 3891 1057 3956 antecedat
1109 3896 1391 3980 puppis.-
1448 3875 1825 3974 explicanda
1878 3892 2075 3974 igitur
2117 3886 2197 3950 eit
