2644 4450
820 330 829 338 ‚
924 246 1450 323 sArrssA
1535 248 1673 311 xv.
2157 248 2308 344 ‚123

248 422 385 481 Nos
428 420 733 509 facimus,
776 420 1099 495 Fortuna,
1142 420 1374 481 Deam.
1461 394 1769 482 Mensura
1811 433 2032 491 tamen
2077 431 2239 497 quae

250 541 545 603 Sufficiat
587 558 839 612 census,
884 540 939 599 si
987 542 1123 618 quis
1166 562 1275 601 me
1320 537 1645 611 eonsuIat,
1687 538 1906 599 edam.

201 630 207 635 .
241 659 335 720 'In
382 650 698 743 quantuni
740 660 873 721 sitis
922 674 1113 741 atque
1156 662 1358 723 fames
1405 676 1469 722 et
1513 661 1750 741 frigora
1791 673 2100 739 poscunt,

254 752 631 861 Quantum,
674 780 984 861 Epicure,
1028 780 1153 841 tibi
1193 784 1404 861 parvis
1447 782 1700 843 suffecit
1741 783 1812 841 in
1863 780 2100 851 hortis,

255 901 599 989 Quantum
640 899 953 961 Socratici
998 914 1328 999 ceperunt
1353 916 1502 961 ante
1545 914 1807 984 penates
2185 899 2320 961 320

253 1020 635 1101 Numquam
678 1022 857 1081 aliud
898 1021 1175 1094 Natura,
1232 1022 1414 1083 aliud
1457 1022 1787 1104 Sapientia
1833 1019 2008 1081 dicit.

254 1141 529 1201 Acribus
576 1137 885 1221 exemplis
927 1140 1148 1201 videor
1192 1154 1257 1203 te
1304 1143 1634 1202 claudere:
1680 1141 1878 1201 misce

254 1260 431 1340 Ergo
474 1260 721 1340 aliquid
761 1262 993 1321 nostris
1038 1259 1117 1321 de
1160 1261 1478 1323 moribus:
1525 1264 1706 1335 effice
1749 1243 2074 1334 summani

256 1378 371 1439 Bis
408 1392 655 1461 septem
695 1348 1027 1441 ordinibus
1070 1397 1266 1475 quem
1310 1384 1415 1443 lex
1459 1383 1759 1464 dignatur
1803 1382 2098 1443 Othonis.

254 1498 441 1585 Haec
470 1519 721 1580 quoque
744 1502 797 1560 si
818 1520 1051 1582 rugam
1078 1502 1281 1567 trahit
1309 1504 1722 1583 extenditque
1755 1502 2098 1561 labellum:
2187 1493 2320 1565 325

255 1614 460 1675 Sume
506 1618 663 1677 duos
708 1620 985 1697 equites,
1038 1619 1143 1677 fac
1186 1622 1383 1677 ter-tia
1426 1622 1908 1699 quadringenta.

254 1735 331 1795 Si
373 1737 677 1819 nondurn
716 1735 989 1815 implevi
1031 1737 1372 1813 gremium,
1403 1738 1471 1795 'si
1512 1736 1819 1816 panditur
1863 1737 2063 1803 ultra:

250 1856 405 1915 Nec
453 1830 673 1913 Croesi
714 1831 975 1917 fortuna
1016 1874 1328 1935 umquam
1353 1902 1370 1930 ,
1413 1876 1537 1915 nec
1579 1856 1836 1915 Persica
1875 1873 2112 1935 regna.

252 1974 427 2037 suff
432 1976 609 2035 cient
650 1976 903 2056 animo,
944 1997 1069 2037 nec
1112 1976 1373 2049 divitiae
1417 1978 1728 2065 Narcissi,

254 2094 543 2155 Indulsit
589 2096 821 2157 Caesar
866 2100 973 2159 cui
1018 2097 1321 2158 Claudius
1369 2098 1620 2181 omnia,
1669 2096 1848 2157 cuius
2193 2096 2326 2161 880

256 2202 494 2279 ‘Paruit
523 2217 855 2302 imperiis,
898 2237 1169 2280 uxorem
1212 2220 1506 2282 occidere
1551 2220 1772 2282 iussus.

858 2643 1484 2714 SATIRA
1589 2646 1748 2716 XV.

423 2803 583 2894 Quis
631 2813 865 2887 nescit,
910 2813 1135 2891 Volusi
1176 2794 1550 2894 Bythinice‘,
1597 2812 1811 2894 quana
1855 2811 2148 2908 demeps·

281 2939 615 3016 Aegyptus
659 2945 961 3016 portenta
1006 2933 1215 2994 colat?
1304 2932 1704 3031 Crocodilonp
1743 2932 1965 2992 adorat

275 3057 437 3119 Pars
481 3055 673 3134 haec:
714 3055 831 3121 ina
870 3068 1065 3136 pavet
1106 3068 1394 3116 saturam
1436 3051 1836 3134 serpentibus
1877 3052 2040 3112 ibin.

280 3177 541 3256 Effigies
586 3177 751 3237 sacri
792 3177 956 3236 nitet
1000 3195 1194 3264 aurea
1238 3175 1710 3254 cercopitheci,

278 3294 572 3355 Dimidio
618 3297 908 3376 magicae
948 3307 1251 3356 resonant
1294 3293 1412 3354 ubi
1453 3293 1808 3357 Memnone
1855 3291 2136 3354 chordae
2295 3289 2338 3358 6

282 3416 491 3493 Atque
536 3428 717 3474 vetus
762 3413 987 3474 Thebe
1032 3427 1296 3474 centum
1338 3414 1508 3472 iacet
1549 3412 1782 3472 obruta
1824 3413 2044 3490 portis.

284 3535 431 3594 Illic
477 3531 758 3608 aeluros,
802 3533 915 3594 hic
956 3535 1203 3613 piscem
1243 3532 1532 3592 fluminis
1551 3575 1568 3602 ,
1613 3530 1750 3590 illic

286 3654 546 3736 Oppida
587 3666 725 3730 tota
770 3673 1003 3714 canem
1043 3663 1465 3724 venerantur,
1509 3667 1706 3710 nemo
1727 3648 2052 3720 -,Dianam.

298 3773 579 3832 Porrum
621 3786 686 3834 et
733 3795 889 3855 cepe
932 3772 1111 3834 nefas
1152 3772 1394 3832 violare
1439 3783 1504 3830 et
1547 3768 1842 3852 frangere
1884 3784 2122 3830 morsu.

284 3892 344 3980 Q
391 3905 639 3954 sanctas
682 3907 921 3986 gentes,
966 3894 1193 3980 quibus
1237 3891 1400 3962 haec
1441 3903 1794 3985 nascuntur
1835 3890 1908 3953 in
1936 3889 2138 3948 hortis
2259 3889 2340 3950 10
