2644 4450
2101 306 2182 369 1⁸

706 460 1600 543 sAT13A1m
2079 426 2086 433 ’

254 614 573 697 Quamvis
619 584 903 698 digressu
944 592 1177 679 veteris
1226 620 1520 683 confusus
1565 622 1788 696 amici,

138 736 336 795 Laudo
383 748 653 809 tamen,
697 739 913 808 vacuis
958 710 1139 820 quod
1172 740 1392 801 sedem
1434 740 1632 823 figere
1677 744 1898 805 Cumis

138 857 417 917 Destinet
466 869 664 939 atque
708 873 915 919 unum
963 861 1171 921 civem
1216 862 1459 955 donare
1500 862 1804 946 Sibyllae.

75 966 78 987 '
134 974 317 1037 Ianua
358 975 679 1039 Baiarum
724 992 817 1038 est
862 992 927 1039 et
971 994 1226 1061 gratum
1268 982 1420 1046 litus
1467 985 1726 1045 amoeni
1781 960 1802 979 ’

134 1096 420 1159 Secessus,
514 1097 657 1181 Ego
700 1086 1241 1185 vel'Prochytam
1284 1122 1612 1184 praepono
1650 1102 1960 1171 Suburae.
2135 1102 2180 1169 ὅ

132 1216 285 1277 Nam
324 1216 484 1299 quid
533 1232 673 1280 tam
716 1191 1055 1297 miserum,
1100 1234 1240 1283 tam
1280 1224 1492 1284 solum
1536 1224 1842 1301 vidimus,
1885 1236 1961 1287 ut
2000 1246 2138 1287 non

133 1335 410 1400 Deterius
462 1340 688 1401 credas
729 1340 993 1401 horrere
1036 1344 1371 1417 incendia,
1417 1344 1630 1426 lapsus

138 1451 468 1519 Tectorum
515 1460 796 1521 assiduos
842 1482 917 1521 ac
961 1463 1144 1524 mille
1188 1462 1481 1545 pericula
1521 1484 1745 1526 saevae

135 1571 299 1664 Urkis
344 1591 414 1637 et
464 1580 756 1659 Augusto
786 1582 1143 1643 *recitantes
1186 1580 1409 1643 mense
1454 1588 1672 1663 poetas
1689 1584 1718 1644 ?

131 1688 231 1753 Sed
273 1696 443 1763 dum
488 1710 631 1759 tota
675 1699 908 1757 domus*
949 1700 1156 1759 rheda
1188 1702 1608 1779 ‚componitur
1649 1720 1820 1771 una,
2101 1704 2184 1765 10

136 1808 413 1876 Substitit
464 1817 551 1900 ad
590 1810 839 1907 veteres
884 1836 1067 1876 arcus
1110 1816 1568 1898 madidamque
1615 1818 1966 1899 Capenam.

136 1920 255 2007 Hic;
306 1929 438 1995 ubi
481 1901 845 1997 nocturnae
876 1936 1111 1999 ‘Numa
1156 1934 1922 2012 constituebat‘amicae,

139 2044 295 2112 Nunc
340 2056 518 2117 sacri
565 2049 757 2118 fonti's
798 2077 1031 2117 nemus
1075 2072 1139 2117 et
1186 2040 1460 2120 delubra
1501 2059 1803 2119 locantur

141 2164 403 2250 Iudaeis,
454 2195 731 2256 quorum
778 2148 1093 2260 cophinus
1131 2180 1486 2261 fenumque
1529 2164 1853 2263 supeilex,

143 2288 365 2361 (Omnis
415 2298 599 2358 enim
640 2299 904 2380 populo,
926 2297 1299 2361 mercedem
1343 2294 1626 2382 pendere
1667 2301 1838 2361 iussa
1881 2313 1976 2360 est
2039 2342 2046 2363 .
2099 2295 2182 2363 15

146 2407 324 2474 Arbor
368 2429 437 2476 et
484 2418 700 2479 eiectis
741 2419 1077 2481 mendicat
1116 2421 1275 2484 silva
1321 2421 1642 2498 Camenis)
2017 2407 2023 2416 ⁸

146 2525 207 2588 In
236 2536 480 2597 vallem
525 2537 793 2619 Egeriae
842 2539 1285 2600 descendimus
1346 2555 1411 2600 et
1450 2512 1796 2621 'speluncas

150 2637 481 2718 Dissimiles
518 2631 731 2722 veris.⁴
794 2637 1057 2738 Quanto
1101 2659 1529 2738 praestantius
1535 2669 1556 2738 Ι
1573 2670 1734 2716 esset

156 2761 374 2836 Numen
424 2795 665 2858 aquae,
708 2775 903 2836 viridi
945 2777 997 2836 si
1040 2778 1334 2858 margine
1381 2775 1712 2898 cla'deret
1751 2773 1956 2836 undas

154 2882 367 2969 Herba,
412 2917 548 2958 nec
588 2898 951 2977 ingenuum
992 2897 1313 2958 violarent
1355 2917 1688 2992 marmora
1728 2893 2050 2991 tophum?
2095 2897 2184 2960 20

75 2973 82 3160 Ἰ
156 3003 256 3068 Hic
294 3028 445 3077 tunc
474 3017 877 3078 Umbricius:
924 3001 1205 3098 Quando
1246 3017 1490 3078 artibus
1511 3059 1528 3090 ‚
1571 3017 1806 3096 inquit,
1849 3017 2134 3078 honestis
2213 3083 2218 3086 ,

90 3095 153 3202 ss
154 3123 353 3194 Nullus
392 3137 471 3200 in
509 3138 675 3198 urbe
718 3137 897 3199 locus
914 3181 931 3212 ,
974 3137 1159 3197 nulla
1204 3137 1649 3196 emolumenta
1692 3136 2027 3210 laborum,

75 3229 78 3268 ⁵
157 3241 257 3307 Res
295 3234 487 3330 hodie
533 3261 751 3318 minor
780 3255 907 3332 est,
952 3258 1107 3319 here
1153 3277 1350 3339 quam
1375 3257 1518 3332 fuit,
1563 3268 1754 3338 atque
1779 3255 2010 3318 eadem
2041 3273 2176 3316 cras

159 3359 394 3434 Deteret
437 3379 685 3459 exiguis
730 3376 1001 3459 aliquid:
1044 3381 1464 3460 proponimus
1507 3378 1690 3447 illue,

154 3479 267 3561 Ire,
305 3493 595 3579 fatigatas
642 3497 759 3559 ubi
800 3497 1126 3560 Daedalus
1171 3500 1350 3558 exuit
1395 3499 1540 3560 alas.
1607 3510 1615 3518 “
2049 3483 2176 3560 '25

162 3600 315 3670 Dum
353 3635 519 3680 nova
562 3621 863 3690 canities,
910 3617 1069 3678 dum
1113 3589 1326 3699 prima
1369 3631 1433 3678 et
1476 3629 1654 3678 recta
1695 3627 2036 3692 senectus„

75 3733 78 3786 7
163 3717 317 3788 Dum
352 3752 629 3818 superest
670 3737 969 3813 Lachesi,
1017 3739 1189 3819 quod
1228 3750 1545 3832 torqueat,
1589 3750 1654 3797 et
1690 3736 1957 3821 pedibus
1999 3755 2114 3798 me

164 3833 205 3893 P
209 3857 332 3906 orto
368 3858 547 3933 meis,
592 3858 775 3918 nulio
820 3843 1115 3920 dextram
1156 3858 1472 3920 subeunte
1513 3856 1786 3931 bacillo,
1842 3879 1844 3882 ’
