2644 4450
357 267 486 335 ³⁶6
959 264 1787 394 'ANNoTA’r-mNEs
2612 228 2614 293 ²

359 438 526 501 Vide
569 436 904 499 Wunderl.
951 440 1033 499 ad
1075 440 1318 501 Tibull.
1378 438 1481 515 II,
1532 445 1561 503 1
1588 486 1604 512 ,
1660 440 1777 514 65,
1842 444 1913 513 3,
1971 442 2075 505 36.
2160 443 2231 503 Si
2280 448 2427 527 quis
2606 464 2615 563 ⁴

363 575 585 621 tamen
620 556 804 639 festa
847 559 1212 620 subiectum
1253 580 1385 621 esse
1431 562 1582 621 velit
1626 546 1707 620 et‘
1741 549 2095 625 lectionem
2136 582 2429 644 operan—

365 694 480 740 tur
502 690 732 752 sumat,
777 679 1080 758 equidem
1123 700 1258 741 non
1300 700 1621 761 repugno:
1664 693 1999 761 receptam
2024 693 2249 743 tamen
2278 703 2448 765 gra--

361 801 608 861 viorem
652 812 717 859 et
760 800 1296 879 praestantiorem
1342 800 1527 859 duco.

917 1022 969 1093 S
1024 1029 1088 1097 A
1137 1024 1204 1093 T
1257 1024 1298 1093 I
1352 1026 1421 1095 R
1472 1024 1539 1091 A
1638 1022 1839 1093 XIII.

1164 1208 1289 1293 ,Vm
1351 1213 1389 1272 8
1476 1228 1565 1299 sq.

527 1334 597 1425 'Si
642 1363 778 1445 quis
803 1365 1002 1445 impie
1033 1362 1294 1444 aliquid,
1341 1362 1499 1423 dicit
1526 1372 1734 1443 poeta,
1778 1362 2211 1447 scelerateque
2238 1386 2409 1445 com—

359 1483 606 1546 miserit
624 1528 640 1557 ,
705 1496 968 1545 vexatur
1021 1483 1207 1544 malis
1269 1480 1760 1563 cogitationibus
1774 1530 1792 1561 ‚
1846 1448 2149 1566 malaque
2204 1482 2403 1549 ani'mi

358 1602 752 1663 conscientia
795 1604 1185 1685 exagitatur,
1960 1571 1965 1577 .

467 1821 473 1827 .
737 1694 747 1717 ⁸
1370 1738 1670 1823 improba
1692 1742 2003 1821 ,quamvis
2106 1802 2111 1805 .

443 1856 673 1921 Gratia
714 1858 934 1921 fallaci
975 1860 1286 1941 praetoris
1333 1861 1559 1923 vicerit
1608 1880 1794 1943 urna.

357 1992 668 2078 Improba
697 1997 934 2077 gratia
977 1997 1059 2057 ad
1083 1996 1327 2057 iudices
1372 2017 1411 2058 a
1452 2009 1749 2079 praetore
1784 2010 2136 2079 corruptos,
2176 2008 2250 2057 ut
2275 2014 2411 2069 reo,

355 2134 492 2191 non
545 2116 676 2177 iuri
733 2117 1192 2196 prospicientes
1245 2116 1517 2177 tabellas
1574 2118 1649 2177 in
1703 2137 1937 2177 urnam
1991 2116 2411 2179 absolutionis

357 2211 773 2307 conficerent,
817 2233 1156 2295 referenda
1202 2250 1312 2297 est.
1402 2237 1557 2298 Ideo
1580 2235 1844 2322 fallax,
1890 2238 2060 2317 quod
2102 2237 2410 2318 praetori,
2468 2207 2475 2214 ι

353 2356 484 2415 sive
529 2353 872 2434 quaesitori
913 2355 1252 2434 proprium
1299 2368 1423 2430 est,
1467 2376 1671 2418 urnae
1712 2355 2012 2416 tribuitur
2054 2373 2133 2414 ea
2176 2365 2403 2436 poeta-

351 2493 505 2534 rum
546 2473 687 2554 lege
707 2517 722 2545 ,
769 2475 893 2553 qua
939 2474 1254 2536 adiectiva
1293 2495 1429 2536 non
1471 2496 1643 2552 raro,
1712 2474 2081 2535 notionibus
2121 2474 2408 2533 intense

353 2594 732 2675 permutatis
748 2636 765 2667 ,
833 2613 870 2654 a
926 2612 1198 2675 persona
1266 2597 1351 2656 ad
1406 2615 1550 2657 rem
1612 2594 2110 2657 transferuntur.
2164 2604 2179 2619 ⁸
2215 2592 2413 2673 Quod

317 2711 748 2793 'ubicumque
791 2712 1037 2776 factum
1081 2728 1204 2789 est,
1245 2735 1459 2796 neque
1502 2717 1697 2778 metri
1736 2716 1939 2787 ratio,
2003 2728 2081 2775 ut
2122 2735 2209 2775 vs.
2255 2717 2297 2777 9
2344 2726 2413 2772 et

350 2835 437 2897 99
483 2833 731 2896 obstitit
773 2836 1152 2916 corrigenti,
1216 2819 1799 2898 animadvertimus
1847 2834 1984 2896 fere
2040 2853 2295 2914 semper
2338 2834 2413 2894 in

352 2971 498 3014 mss,
541 2953 898 3016 lectionum
936 2954 1389 3028 diversitatem,
1434 2955 1723 3034 epitheto
1758 2956 1829 3014 in
1872 2955 1999 3014 hoc
2046 2953 2205 3015 cod,
2252 2928 2411 3017 huicr

351 3055 777 3145 substantivo,
833 3073 906 3133 in
945 3073 1065 3136 1110
1111 3073 1298 3134 meri
1339 3073 1605 3134 tributo.
1694 3073 1795 3138 Cf.
1840 3073 2028 3135 ovid.
2084 3073 2171 3136 11.
2259 3076 2407 3140 Am,

352 3187 588 3266 XVIII,
631 3194 692 3254 4.
736 3191 1002 3272 Ignava
1042 3191 1109 3252 V
1097 3157 1318 3254 andis
1356 3211 1689 3258 cessamus
1716 3194 1789 3256 in
1821 3193 2078 3284 umbra,
2122 3193 2235 3254 ubi
2260 3193 2408 3274 plu-

283 3360 288 3368 ,
349 3327 451 3372 res
495 3311 786 3392 ignavae
827 3309 1088 3374 habent.
1177 3312 1407 3394 virgil.
1434 3313 1603 3374 Ἀθη.
1641 3313 1705 3398 1,
1734 3281 1887 3378 209.
1972 3311 2103 3372 Sed
2131 3315 2200 3374 in
2228 3293 2413 3382 ‘eius-

349 3431 532 3494 modi
575 3429 818 3492 casibus
861 3429 1024 3492 haec
1066 3433 1341 3513 probata
1396 3433 1503 3492 lex
1570 3399 1729 3507 est,'⁸
1758 3446 1834 3492 ut
1893 3431 2147 3492 tametsi
2212 3433 2415 3510 pauci

347 3552 504 3614 libri
518 3596 535 3627 ,
577 3550 774 3612 modo
835 3571 922 3610 ne
964 3554 1273 3634 pessimae
1315 3565 1511 3642 notae
1534 3553 1662 3614 sint
1682 3597 1699 3626 ,
1766 3551 2203 3616 difficiliorem
2262 3552 2407 3610 scri-

347 3685 614 3754 pturam
653 3681 979 3748 tueantur,
1023 3691 1250 3732 eorum
1283 3673 1654 3734 auctoritati
1684 3672 1831 3754 plus
1867 3659 2293 3755 tribuendum
2328 3670 2412 3730 sit

349 3791 698 3864 momenti,
758 3811 954 3870 quam
995 3791 1290 3873 reliquis.·
1361 3789 1506 3853 Hoc
1563 3793 1711 3860 loco
1756 3791 1863 3852 vel
1904 3811 2070 3852 unus
2112 3790 2417 3851 Pithoea·

347 3925 470 3971 nus
509 3905 735 3968 'codex
788 3911 961 3971 valet
1017 3910 1100 3973 ad
1134 3911 1387 3996 fallaci
1460 3893 1967 3981 defendendum.
2066 3908 2421 3974 Praeterea
