2644 4450
1339 46 1374 150 <¹
1418 116 1443 119 ‚.

868 284 1398 351 sama-lna
1485 286 1600 349 v..
2079 295 2244 379 ,ιιι

204 455 513 539 Frigidior
542 454 787 519 Geticis
828 462 1072 541 petitur
1116 460 1386 521 decocta
1416 460 1697 541 pruinis:
1787 514 1792 525 ,
2167 463 2253 529 ⁵0

204 576 335 635 Non
372 577 613 639 eadem
656 578 835 639 vobis
873 582 1029 661 poni
1062 580 1261 641 modo
1304 582 1453 641 vina
1489 581 1834 661 querebar:

206 696 318 755 Vos
354 696 563 759 aliam
608 698 843 779 potatis
868 710 1135 781 nquam.
1225 698 1382 760 Tibi
1419 700 1652 781 ‘pocula
1697 716 1918 763 cursor

206 812 507 879 Gaetulus
534 814 739 893 dabit,
790 832 905 880 aut
947 819 1122 901 nigri
1154 838 1386 881 manus
1423 840 1604 881 ossea
1639 820 1860 883 Mauri
1983 868 2000 881 .

199 933 275 995 Et
313 938 417 997 cui
456 956 587 1019 per
629 938 919 999 mediam
962 939 1131 1001 nolis
1172 958 1512 1021 occmrere
1541 954 1838 1015 noctem,

202 1052 481 1119 clivosae
533 1056 787 1119 veheris
826 1056 985 1119 dum
1030 1078 1147 1139 per
1192 1074 1624 1121 monumenta
1657 1060 1946 1123 Latinae.
2163 1061 2250 1127 56

199 1172 329 1237 Flos
354 1176 555 1239 Asiae
594 1190 745 1239 ante
783 1137 997 1259 ipsud
1031 1182 1241 1263 pretio
1276 1182 1522 1241 maiore
1561 1194 1855 1261 paratus,

205 1293 401 1385 Quam
436 1298 576 1359 fuit
612 1312 694 1359 et
718 1297 900 1361 Tulli
944 1318 1169 1360 census
1204 1302 1514 1383 pugnacis
1552 1314 1617 1361 et
1657 1300 1828 1361 Anci

203 1413 301 1491 Et,
340 1412 432 1478 ne
470 1431 545 1479 te
574 1431 865 1495 teneam,
908 1418 1358 1482 Romanorum
1408 1422 1630 1483 omnia
1671 1440 1900 1503 regum

197 1532 462 1599 Frivola.
557 1532 751 1619 Quod
794 1558 996 1619 quum
1036 1542 1132 1603 ita
1154 1542 1257 1614 sit,
1300 1554 1379 1601 tu
1407 1540 1767 1603 Gaetulum
1797 1541 2254 1624 Ganymedem

192 1650 487 1737 Respice,
535 1676 739 1739 quum
779 1659 973 1718 sities.
1058 1658 1281 1717 Nescit
1318 1670 1422 1717 tot
1461 1632 2004 1745 millibus-emtus
2161 1660 2254 1721 60
2329 1668 2341 1680 ’

187 1770 592 1855 Pauperibus
632 1775 909 1833 miscere
954 1792 1147 1854 puer:
1188 1774 1301 1836 sed
1341 1773 1586 1851 forma,
1629 1776 1744 1836 sed
1775 1788 1950 1837 aetas

185 1889 413 1973 Digna
468 1892 837 1973 supercilio.
926 1892 1205 1974 Quando
1266 1894 1350 1955 ad
1393 1907 1460 1956 te
1503 1892 1800 1977 pervenit
1839 1894 2000 1961 ille?

192 2009 475 2106 Quando
522 2024 785 2073 vocatus
828 2012 1007 2073 adest
1039 2013 1299 2077 calidae
1343 2014 1722 2097 gelidaeque
1762 2003 2100 2089 minister?

194 2130 447 2215 Quippe
492 2132 882 2214 indignatur
912 2137 1117 2195 veteri
1158 2154 1384 2216 parere
1429 2134 1684 2210 clienti,

194 2249 515 2336 Quodque
546 2253 790 2334 aliquid
814 2273 1033 2334 poscas
1077 2268 1143 2316 et
1190 2256 1365 2337 quod
1391 2275 1460 2316 se
1486 2269 1696 2318 stante
1719 2254 2076 2317 recumbas.
2163 2253 2252 2320 66
2323 2214 2336 2238 Ι
2373 2320 2382 2332 ,

200 2369 487 2436 Maxima
530 2393 819 2457 quaeque
866 2373 1095 2436 domus
1134 2379 1330 2442 servis
1375 2389 1470 2439 est
1511 2377 1706 2458 plena
1747 2376 2056 2458 superbis.

198 2490 353 2556 Ecce
398 2495 568 2556 alius
612 2507 849 2576 quanto
893 2497 1179 2575 porrexit
1221 2515 1562 2587 murmure
1603 2513 1843 2576 panem

204 2610 311 2673 Vix
348 2615 640 2677 fractum
658 2659 677 2688 ,
719 2613 963 2674 solidae
1001 2614 1139 2679 iam
1176 2614 1444 2674 mucida
1465 2613 1688 2674 'frusta
1729 2613 2011 2687 farinae,

208 2728 370 2812 Quae
418 2734 786 2816 genuinum
830 2733 1079 2811 agitent
1118 2747 1257 2788 non
1300 2712 1714 2790 admittentia
1755 2749 2062 2790 morsum.

206 2846 311 2912 Sed
349 2867 551 2916 tener
592 2866 661 2913 et
701 2853 929 2912 niveus
972 2849 1285 2930 mollique
1325 2848 1583 2930 siligine
1627 2849 1832 2912 factus
2077 2870 2086 2896 ι
2169 2853 2256 2914 70

210 2967 497 3038 Servatur
544 2973 830 3034 domino.
917 2967 1233 3036 Dextram
1278 2967 1580 3030 cohibere
1626 2956 1976 3032 memento.

208 3086 379 3154 Salva
404 3097 509 3156 sit
550 3093 841 3174 artocopi
882 3090 1275 3150 reverentia:
1318 3087 1494 3170 finge
1536 3103 1759 3152 tamen
1802 3103 1868 3151 te

211 3204 679 3291 Improbulum‚
723 3223 1011 3292 superest
1050 3210 1219 3283 illic,
1278 3211 1392 3290 qui
1435 3229 1674 3292 ponere
1720 3225 1942 3291 cogat,
2003 3207 2028 3230 ⁰·

212 3323 310 3388 vis
348 3344 421 3394 tu
464 3303 787 3398 consuetis
828 3331 1039 3392 audax
1086 3331 1354 3389 conviva
1394 3331 1686 3390 >carnatis

216 3439 484 3530 Impleri,
526 3453 841 3534 panisque
882 3452 981 3510 tui
1016 3451 1267 3509 novisse
1312 3451 1642 3510 colorem?
1793 3513 1806 3522 ,
1995 3511 2000 3517 .
2161 3447 2251 3516 76
2319 3515 2324 3522 ,

220 3557 461 3632 Scilicet
502 3573 631 3634 hoc
674 3570 919 3643 fuerat,
964 3581 1226 3650 propter
1272 3568 1476 3650 quod,
1535 3587 1722 3651 saepe
1765 3570 1994 3630 relicta
2115 3642 2127 3659 ι

204 3678 491 3772 Φ(ἶοιιίιιςει
512 3737 529 3765 ,
570 3711 689 3772 per
730 3703 1027 3750 montem
1069 3689 1408 3762 adversum
1449 3687 1818 3770 gelidasque
1865 3693 2118 3752 cucurri

226 3795 543 3887 Esquilias,
587 3811 897 3872 fremeret
936 3830 1127 3871 saeva
1168 3831 1371 3891 quum
1404 3807 1728 3888 'grandine
1772 3788 2002 3886 vernus

232 3913 493 4004 Iuppiter
534 3946 599 3991 et
642 3932 851 3992 multo
895 3931 1165 4008 stillaret
1208 3931 1487 4010 paenula
1529 3929 1774 3990 nimbo,
