2644 4450
870 218 1396 311 sAr11rA
1483 246 1610 311 v1.
2192 240 2289 318 Μ

204 422 495 487 Nutricis
534 420 814 479 tolerant
843 418 1105 480 fortuna
1140 434 1412 501 urgente
1445 421 1729 481 labores:

209 542 337 601 Sed
368 543 539 601 iacet
570 552 795 599 aurato
818 540 925 601 vix
956 540 1091 599 ulla
1124 558 1444 621 puerpera
1467 540 1655 603 lecto.

207 660 503 721 Tantum
532 671 697 719 artes
727 658 919 719 huius
938 704 957 733 ‚
998 671 1258 719 tantum
1282 658 1716 721 medicamina
1741 674 2002 740 possunt
2020 704 2036 731 ‚
2146 660 2276 725 596
2315 632 2348 665 ἰ

209 780 396 859 Quae
440 778 685 837 steriles
710 777 868 837 facit
892 790 1083 859 atque
1118 778 1414 839 homines
1442 780 1514 839 in
1545 792 1769 839 ventre
1797 782 2118 841 necandos

210 900 559 959 Conducit.
650 897 877 957 Gaude
896 940 915 971 ,
954 897 1219 971 infelix,
1264 910 1456 980 atque
1495 900 1630 979 ipse
1658 898 2018 962 bibendum
2055 960 2064 964 -

206 1020 511 1097 Porrige,
559 1018 873 1097 quidquid
898 1018 1051 1077 erit:
1088 1036 1250 1077 nam
1276 1018 1336 1085 si
1363 1017 1726 1078 distendere
1751 1019 1951 1078 vellet

206 1137 299 1201 Et
326 1154 557 1201 vexare
590 1150 851 1197 uterum
882 1139 1095 1217 pueris
1124 1136 1535 1210 salientibus,
1581 1158 1742 1199 esses

210 1256 549 1337 Aethiopis
580 1256 843 1317 fortasse
880 1270 1105 1338 pater:
1153 1276 1308 1317 mox
1345 1257 1606 1317 decolor
1630 1257 1814 1317 heres
2145 1262 2278 1323 0oe

213 1376 528 1457 Impleret
554 1377 837 1452 tabulas,
880 1394 1219 1457 nunquam
1244 1376 1368 1437 tibi
1399 1396 1592 1437 mane
1629 1378 1962 1438 videndus,

350 1497 629 1557 Transeo
657 1499 1011 1577 suppositos
1038 1510 1103 1557 et
1130 1498 1366 1578 gaudia
1388 1511 1664 1578 votaque
1692 1518 1878 1578 saepe

203 1616 316 1676 Ad
353 1632 609 1695 spurcos
640 1616 913 1695 decepta
938 1616 1115 1678 lacus
1145 1628 1334 1692 atque
1361 1616 1514 1673 inde
1551 1617 1784 1692 petitos

206 1734 563 1794 Pontifices
580 1778 598 1805 ‚
642 1733 845 1791 Salios
866 1776 883 1803 ‚
928 1731 1324 1791 Scaurorum
1351 1698 1622 1789 nomina
1645 1731 1808 1789 falso

206 1853 509 1933 Corpore
536 1851 799 1909 laturos.
841 1848 985 1909 Stat
1004 1849 1267 1909 fortuna
1292 1848 1594 1929 improba
1619 1858 1842 1920 metu,
2149 1850 2278 1913 ⁶05

194 1970 524 2032 Arridens
558 1969 749 2031 nudis
772 1969 1157 2031 infantibus:
1199 1970 1317 2029 hos
1342 1969 1518 2029 fovet
1545 1988 1768 2030 omnes

196 2091 619 2171 Involvitque
651 2090 825 2153 sinux
872 2089 1169 2177 domi-bus
1194 2102 1352 2151 tunc
1395 2090 1666 2171 porrigit
1693 2090 1838 2149 altis

192 2209 671 2290 Secretumque
700 2210 822 2270 sibi
862 2212 1147 2272 mimum
1178 2223 1398 2292 parat:
1443 2208 1558 2271 hos
1585 2214 1764 2272 amat
1784 2254 1801 2283 ‚
1849 2208 1946 2270 his
1971 2227 2040 2270 se

200 2329 458 2410 Ingerit
488 2341 687 2408 utque
718 2351 863 2390 suos
892 2331 1107 2392 ridens
1148 2331 1446 2412 producit
1475 2331 1792 2392 alumnos.

344 2449 471 2510 Hic
500 2451 781 2530 magicos
808 2449 997 2512 affert
1022 2462 1245 2511 cantus
1262 2496 1279 2525 ‚
1325 2451 1438 2512 hic
1464 2449 1770 2510 Thessala
1797 2449 2020 2512 vendit
2145 2452 2274 2514 610

200 2571 498 2644 Philtra,
544 2570 773 2652 quibus
804 2571 1021 2630 valeat
1046 2583 1342 2630 mentem
1384 2587 1614 2628 vexare
1643 2570 1866 2628 mariti

206 2689 294 2752 Et
321 2692 506 2751 solea
535 2689 789 2770 pulsare
820 2700 1021 2748 nates.
1112 2687 1305 2764 Quod
1322 2687 1598 2765 ,desipis,·
1636 2685 1790 2749 inde
1817 2699 1910 2744 est
1927 2725 1946 2756 ‚

205 2811 369 2870 Inde
398 2808 605 2869 animi
632 2806 843 2887 caligo
884 2817 953 2865 et
976 2801 1213 2886 magna
1252 2771 1494 2864 oblivio
1523 2821 1742 2864 rerum
1760 2849 1776 2875 ,

209 2929 387 3008 Quas
420 2926 618 2986 modo
644 2926 903 3007 gessisti.
988 2923 1241 2986 Tamen
1267 2923 1395 2984 hoc
1423 2925 1762 2997 tolerabile
1778 2969 1796 2996 ,
1839 2927 1894 2984 si
1921 2943 2058 2988 non

208 3049 301 3108 Et
326 3047 539 3108 furere
581 3046 849 3126 incipi-as
866 3089 883 3119 ,
925 3056 1001 3106 ut
1036 3046 1390 3106 avunculus
1417 3045 1530 3106 ille
1555 3045 1862 3118 Neronis,
2139 3049 2274 3113 616
2299 3063 2310 3083 ‘

207 3167 341 3226 Cui
360 3179 567 3226 totam
596 3167 861 3228 tremuli
899 3163 1181 3226 frontem
1214 3164 1528 3226 Caesonia
1551 3163 1719 3246 pulli

203 3283 477 3346 In‘fudit.
550 3284 751 3371 'Quae
779 3303 915 3344 non
942 3283 1135 3345 faciet
1150 3327 1169 3356 ,
1214 3285 1386 3366 quod
1411 3283 1730 3364 Principis
1757 3303 1918 3346 uxor
1931 3287 1962 3343 ?

204 3404 546 3465 Ardebant
578 3416 811 3464 cuncta
834 3415 898 3462 et
926 3403 1131 3463 fracta
1158 3419 1468 3483 compage
1497 3369 1773 3464 ruebant
1789 3450 1805 3476 ,

180 3527 361 3590 ,Non
404 3523 591 3585 aliter
607 3567 624 3596 ‚
670 3543 866 3604 quam
896 3524 950 3584 si
978 3521 1227 3602 fecisset
1252 3521 1418 3582 Iuno
1449 3525 1760 3582 maritum

210 3645 544 3704 Insanum.
630 3643 851 3704 Minus
878 3661 1029 3723 ergo
1052 3659 1293 3705 nocens
1319 3643 1442 3702 erit
1469 3641 1865 3721 Agrippinae
2139 3645 2274 3708 020
2315 3642 2324 3657 ⁵

204 3765 499 3826 Boletos:
544 3763 861 3844 siquidem
883 3763 1077 3858 unius
1100 3761 1478 3844 praecordia
1508 3733 1734 3841 pressit

204 3879 327 3978 Ille
357 3861 1037 3964 senisutremulumqu'e
1068 3893 1261 3963 caput
1294 3879 1680 3978 descendere
1709 3882 1888 3961 iussit
