2644 4450
836 286 1364 349 SATIRA
1450 282 1536 349 ΙΙ.
2132 294 2206 355 11

174 464 333 523 More
362 478 835 543 supervacuam
873 459 1093 519 cultris
1130 459 1516 539 abrmnpere
1542 460 1849 519 carnem?

178 580 649 661 Quadringenta
692 579 869 641 dedit
910 576 1243 639 Gracchus
1264 580 1554 641 sestertia
1579 579 1800 671 dotem

175 700 491 760 Cornicini
510 744 527 776 ‚
571 701 703 763 sive
736 699 845 759 hic
884 712 1065 759 recto
1098 687 1484 759 .can⁴'taverat
1524 718 1688 759 aere.

166 820 449 900 Signatae
482 818 781 879 tabulae:
830 819 1113 893 dietum,
1148 818 1478 881 Feliciter:
1527 820 1754 899 ingens

162 938 361 999 Coena
393 939 611 998 sedet:
656 939 901 1019 gremio
926 940 1129 1001 iacuit
1154 959 1324 1001 nova
1343 952 1552 1019 nupta
1574 937 1816 999 mariti.
2083 942 2206 1003 120

161 1058 208 1117 O
247 1027 577 1139 proceres,
626 1059 887 1117 censore
918 1078 1075 1139 opus
1106 1071 1229 1133 est,
1276 1076 1361 1117 an
1383 1056 1720 1139 haruspice
1745 1056 1974 1124 nobie?

157 1176 397 1239 Scilicet
425 1180 731 1241 horreres
754 1179 1128 1259 maioraque
1161 1190 1449 1239 monstra
1474 1190 1736 1258 putares
1753 1222 1772 1252 ,

154 1292 219 1356 Si
250 1299 476 1359 mulier
495 1352 503 1358 ,
520 1301 803 1361 vitulum
832 1300 939 1361 vel
960 1301 1014 1360 si
1039 1298 1155 1359 bos
1192 1299 1412 1359 ederet
1443 1282 1685 1379 agnum
1698 1297 1728 1356 2

161 1412 488 1497 segmenta
523 1434 589 1481 et
633 1421 857 1503 longos
890 1419 1171 1484 habitus,
1192 1432 1259 1479 et
1280 1419 1518 1481 flamea
1545 1418 1776 1493 sumit,

156 1536 387 1625 Arcano
430 1540 549 1619 qui
572 1558 753 1604 sacra
772 1524 983 1601 ferens
1008 1540 1309 1601 nutantia
1349 1538 1490 1599 loro
1576 1540 1580 1548 '
2051 1536 2208 1602 ‘125

154 1651 405 1719 Sudavit
436 1660 685 1741 clypeis
731 1658 1066 1719 ancilibus.
1157 1658 1215 1716 O
1244 1670 1432 1735 pater
1471 1658 1666 1719 Urbis
1683 1704 1699 1732 ,

152 1770 322 1835 Unde
369 1776 565 1835 nefas
604 1788 869 1835 tantum
909 1773 1111 1834 Latiis
1153 1773 1558 1853 pastoribus?
1603 1774 1776 1835 unde

154 1890 313 1951 Haec
344 1893 608 1975 tetigit,
657 1892 970 1967 Gradive,
1014 1870 1157 1953 tuos
1188 1896 1399 1954 urtica
1421 1906 1686 1973 nepotes
1704 1894 1733 1952 Ξ)

157 2008 455 2074 Traditur
486 2032 635 2073 ecce
665 2015 803 2075 viro
848 2014 1053 2075 clarus
1082 2032 1319 2095 genere
1366 2026 1558 2094 atque
1589 2013 1816 2095 opibus
1843 2012 1970 2075 vir:

156 2128 269 2191 Nec
299 2112 565 2213 galeam
592 2152 875 2213 quassas,
918 2152 1041 2193 nec
1070 2146 1314 2194 terram
1343 2133 1602 2215 cuspide
1633 2134 1878 2215 pulsas,
2079 2133 2206 2197 130

158 2247 274 2310 Nec
306 2254 597 2333 quereris
628 2223 839 2336 patri?
930 2253 1107 2314 Vade
1144 2273 1297 2334 ergo
1330 2267 1396 2314 et
1423 2254 1578 2316 cede
1605 2258 1812 2316 severi

160 2366 481 2450 Iugeribus
516 2373 763 2456 campi,
808 2391 1003 2455 quem
1026 2376 1317 2456 negligis*-
1407 2374 1718 2436 Officium
1759 2395 1898 2436 cras

156 2484 355 2552 Primo
387 2494 528 2555 sole
554 2493 723 2554 mihi
748 2495 1192 2578 peragendum,
1220 2495 1293 2554 in
1322 2493 1492 2554 valle
1519 2494 1798 2572 Quirini.

163 2605 319 2685 Quae
346 2631 545 2673 causa
572 2612 815 2674 officii?
906 2613 1083 2692 Quid
1122 2613 1408 2692 quaeris?
1455 2611 1964 2686 Nubibamicuffi

165 2724 567 2792 Nec·multos
600 2731 897 2792 adhibet.
942 2731 1171 2790 Liceat
1201 2729 1402 2791 modo
1419 2729 1671 2788 vivere:
1713 2700 1904 2802 fient,
2081 2729 2206 2794 185

167 2842 327 2910 Fient
356 2853 487 2914 ista
528 2852 781 2931 palam.
830 2851 1095 2930 cupient
1128 2861 1195 2910 et
1226 2851 1305 2916 in
1322 2851 1483 2910 ,acta
1525 2847 1772 2909 referri.

164 2959 398 3032 Interea
424 2984 839 3033 tormentum
863 2971 1089 3052 ingens
1121 2963 1530 3032 nubentibus‘
1555 2967 1778 3030 haeret
1791 3014 1812 3044 ‚

73 3172 82 3186 ἱ
166 3083 339 3163 Quod
363 3104 703 3174 nequeunt
728 3110 954 3172 parere
1000 3103 1063 3150 et
1086 3103 1281 3170 partu
1308 3091 1593 3150 retinere
1641 3090 1926 3152 maritos,

164 3199 276 3264 Sed
300 3211 535 3272 melius
554 3255 573 3284 ,
618 3209 793 3292 quod
816 3211 914 3274 nil
938 3209 1171 3270 animis
1204 3211 1276 3272 in
1308 3191 1580 3290 corpora
1597 3209 1757 3270 iuris

166 3317 393 3418 Natura
416 3331 737 3412 indulget.
824 3329 1087 3392 steriles
1124 3331 1496 3392 moriuntur
1529 3341 1594 3390 et
1625 3329 1756 3390 inis
2085 3330 2208 3395 140

166 3429 435 3526 Turgida
470 3471 608 3510 non
639 3449 901 3532 prodest
934 3449 1193 3510 condita
1218 3449 1453 3530 pyxide
1481 3447 1665 3530 Lyde
1680 3493 1698 3523 ,

168 3553 289 3622 Nec
325 3571 583 3676 prodest
622 3571 775 3652 agili
798 3571 1045 3651 paLmas
1084 3568 1396 3671 praebere
1438 3568 1754 3649 Luperco.

283 3683 451 3750 Vicit
488 3703 557 3752 et
590 3690 719 3750 hoc
746 3703 1112 3750 monstrum
1133 3689 1411 3750 tunicati
1437 3687 1689 3748 fuscina
1716 3685 2030 3768 Gracchi,

176 3785 599 3893 Lustravitque
620 3785 773 3892 fuga
798 3811 1085 3872 mediam
1124 3809 1440 3891 gladiator
1467 3825 1732 3869 arenam

177 3909 250 3974 Et
274 3921 636 4008 Capitolinis
674 3933 1039 4014 generosior
1090 3943 1151 3989 et
1182 3927 1510 3990 Marcellis
1571 3945 1582 3962 ⁸
2077 3922 2202 3992 145
