2644 4450
766 226 1640 359 -s'ATIRsser
2181 282 2264 345 61

186 404 461 505 Officia
506 456 569 502 et
612 462 849 525 magno
896 448 1160 505 comites
1200 448 1274 507 in
1316 446 1486 507 fasce
1527 447 1778 515 libelli?

212 566 351 645 Ipsi
396 583 639 645 magna
674 578 937 637 sonant,
980 566 1093 625 sed
1134 580 1322 639 tunc,
1371 588 1572 647 quum
1615 568 1896 629 creditor
1940 568 2152 641 audit,

214 684 573 764 Praecipue
587 729 605 757 ,
646 684 765 761 vel
819 686 875 745 si
913 687 1129 767 tetigit
1170 688 1338 747 latus
1381 690 1590 749 acrior
1631 684 1776 761 illo,

218 802 354 882 Q'ui
396 805 575 862 venit
620 802 701 863 ad
744 803 1017 865 dubium
1058 774 1291 885 grandi
1333 824 1486 865 cum
1531 806 1752 867 codice
1793 825 2053 867 nomen.
2097 862 2108 871 .
2148 811 2272 873 110

212 922 409 983 Tunc
453 924 773 983 immensa
816 926 955 985 cavi
998 927 1244 1006 spirant
1284 890 1626 987 mesndacia
1667 925 1848 985 folles
1865 970 1882 1000 ,

215 1040 739 1123 conspuiturque
782 1044 975 1104 sinus
1070 1044 1299 1105 Veram
1345 1044 1746 1125 deprendere
1786 1066 2060 1107 messem

209 1157 287 1222 ffi
330 1161 519 1223 libet:
564 1160 720 1221 hinc
766 1176 1032 1223 centum
1073 1165 1483 1253 patrimonia
1510 1166 2010 1269 causidicorum,

210 1283 413 1343 Parte
455 1280 583 1342 alia
622 1282 834 1343 solum
874 1282 1101 1344 russati
1143 1302 1315 1363 pone
1355 1284 1706 1345 Lacernae.

224 1399 579 1461 Consedere
624 1402 842 1463 duces:
884 1406 1085 1485 surgis
1126 1416 1202 1463 tu
1246 1404 1543 1497 pallidus
1565 1406 1728 1468 Aiax
2141 1405 2268 1471 115
2318 1418 2328 1423 ”

207 1520 523 1583 Dicturus
568 1502 762 1583 dubia
802 1542 921 1603 pro
976 1522 1289 1585 libertate.
1317 1525 1611 1587 bubulco.

205 1638 471 1699 Iudicez
514 1660 747 1721 rumpe
790 1644 989 1703 miser
1026 1654 1291 1699 tensum
1330 1644 1546 1715 iecur,
1587 1655 1662 1701 ut
1701 1643 1824 1703 tibi
1865 1645 2026 1705 lasso

202 1751 527 1841 Figantur
570 1761 806 1819 virides
828 1804 844 1832 ,
884 1758 1205 1838 scalarum
1248 1758 1490 1839 gloria,
1531 1760 1808 1839 palmae.

206 1880 414 1959 Quod
456 1878 629 1937 vocis
671 1878 995 1959 pretium?
1036 1880 1239 1960 siccus
1268 1880 1722 1959 petasunculus
1766 1894 1832 1941 et
1879 1902 1982 1945 vas

196 1976 663 2077 Pelamydum,
688 2010 799 2057 aut
820 2010 1081 2074 veteres,
1110 1998 1498 2059 Maurorum
1513 2002 1856 2081 epimenia,
1871 2002 2072 2081 bulbi,
2141 2009 2264 2070 120

199 2118 347 2177 Aut
387 2118 615 2177 vinum
658 2117 882 2177 Tiberi
926 2116 1295 2199 devectum,
1344 2122 1624 2201 quinque
1665 2121 1953 2203 lagenae,

346 2237 414 2297 Si
460 2251 681 2318 quater
726 2239 937 2317 egisti,
982 2240 1037 2300 si
1051 2233 1352 2322 contigit
1389 2261 1616 2302 aureus
1638 2263 1852 2319 -unus,

202 2357 379 2418 Inde
426 2358 677 2418 cadunt
703 2371 915 2439 partes
962 2379 1041 2418 ex
1082 2359 1342 2422 foedere
1385 2367 1951 2463 pragmaticorum.

202 2477 491 2538 Aemilio
542 2477 831 2552 dabitur,
878 2492 1197 2560 quantum
1236 2480 1428 2552 licet,
1473 2495 1538 2540 et
1581 2485 1810 2544 melius
1853 2502 2023 2544 nos

204 2595 503 2680 Egimus:
547 2596 737 2667 huius
782 2600 989 2670 enim
1005 2611 1129 2657 stat
1174 2618 1396 2656 currus
1439 2619 1702 2670 aeneus,
1761 2603 1878 2664 alti
2141 2603 2268 2668 125
2324 2635 2334 2638 ·

212 2717 641 2795 Qua‘driiuges
682 2718 757 2775 in
800 2715 1161 2788 vestibulis,
1204 2715 1398 2794 atque
1437 2717 1574 2794 ipse
1611 2716 1816 2780 feroci

208 2835 539 2896 Bellatore
580 2834 803 2894 sedens
848 2847 1187 2897 curvatum
1228 2833 1462 2894 hastile
1503 2837 1792 2896 minatur

207 2953 483 3016 Eminus
524 2967 589 3014 et
630 2968 839 3016 statua
881 2955 1236 3016 meditatur
1280 2955 1529 3034 proelia
1574 2955 1769 3018 lusca„

206 3075 320 3158 Sic
362 3073 537 3135 Pedo
585 3074 957 3148 conturbat,
1001 3073 1233 3136 Matho
1264 3075 1514 3138 deficit:
1563 3079 1766 3140 exitus
1810 3075 1919 3140 hic
1963 3091 2058 3166 est

207 3193 499 3274 Tongilli
516 3239 531 3267 ,
576 3212 813 3273 magno
860 3213 1011 3254 cum
1051 3194 1464 3256 rhinocerote
1506 3197 1710 3258 lavari
2135 3201 2260 3264 130

212 3313 347 3392 Qui
368 3313 551 3372 :solet
596 3325 661 3372 et
702 3326 891 3377 vexat
932 3313 1255 3379 lutulenta
1274 3315 1534 3378 balnea
1571 3317 1799 3390 turba,

204 3433 457 3513 Perque
502 3432 718 3494 forum
760 3434 1021 3496 iuvenes
1064 3435 1259 3516 longo
1304 3439 1544 3514 premit
1587 3455 1790 3498 assere
1833 3435 2060 3502 Medos
2161 3473 2172 3490 κ

196 3553 517 3633 -Ε1111111113
561 3573 791 3634 pueros
808 3599 825 3627 ‚
872 3545 1213 3635 argentum
1225 3585 1253 3627 2,
1294 3555 1634 3616 mur-rhina
1647 3601 1663 3629 ,
1709 3557 1912 3618 villas.

206 3669 499 3752 Spondet
543 3673 719 3734 enim
760 3673 961 3754 Tyrio
1004 3674 1291 3736 stlataria
1333 3695 1616 3756 purpura
1658 3674 1792 3736 filo.

206 3789 297 3849 Et
334 3803 560 3852 tamen
604 3806 696 3852 est
737 3793 865 3853 illis
910 3793 1033 3854 hoc
1078 3795 1269 3856 utile:
1312 3815 1598 3876 purpura
1643 3794 1864 3856 vendit
2136 3795 2258 3862 135

208 3909 661 3998 Causidicum,
711 3914 994 3976 vendunt
1040 3914 1471 3994 amethystina
1479 3939 1500 4002 3
1547 3916 1846 3980 convenit
1889 3915 2018 3978 illis

285 4059 371 4122 ‘A
