2644 4450
838 308 845 317 -
934 276 1081 361 sa
1122 274 1183 341 T
1224 234 2306 352 1.11'A.‘x..,.s1

248 450 387 513 Sed
430 462 601 511 casto
646 448 804 530 quid
842 450 1055 518 forma
1092 450 1332 545 nocet?
1365 450 1535 531 ⁴quid
1576 449 1819 532 profuit
1857 449 2077 515 immo‘

252 571 617 652 Hippolyto
660 588 856 651 grave
898 534 1340 653 propositum?
1359 593 1370 630 :
1388 570 1546 653 quid
1561 568 2096 651 Bellerophonti?
2181 573 2312 649 325

254 687 535 753 Erubuit
576 698 815 789 nempe
859 690 1051 765 haec,
1096 712 1219 753 ceu
1258 674 1575 765 fastidita,
1613 690 1890 771 repulso.
1926 720 1938 744 ι

254 794 395 873 Nec
437 810 849 873 Stheneboea
888 813 1135 886 minus,
1182 832 1378 893 quam
1422 812 1662 886 Cressa,
1706 810 2052 873 excanduit
2093 824 2160 875 et
2201 834 2268 875 se

259 933 655 993 concussere
698 931 947 995 ambae.
1034 932 1279 993 Mulier
1318 932 1682 995 saevissima
1719 944 1882 991 tunc
1925 942 2020 990 est
2038 976 2054 1006 ,

259 1053 485 1132 Quum
524 1052 819 1115 stimulos
862 1051 1015 1113 odio
1055 1053 1269 1133 pudor
1308 1056 1626 1115 admovet.
1711 1050 1914 1133 Elige,
1959 1052 2270 1133 quidnam
2387 1093 2394 1109 .

254 1170 677 1236 suadendum
720 1192 851 1231 esse
894 1186 1108 1253 putes,
1156 1174 1261 1235 cui
1302 1172 1550 1235 nubere
1593 1172 1876 1241 Caesaris
1921 1187 2086 1233 uxor
2185 1140 2314 1237 33b

262 1290 591 1379 Destinat„
661 1292 959 1373 Optimus
990 1284 1098 1355 hic
1142 1307 1207 1355 et
1250 1274 1752 1355 formosissimus
1797 1290 1976 1353 idem
2100 1262 2104 1271 Ι

268 1409 489 1471 Gentis
532 1414 841 1493 patriciae
883 1415 1133 1494 rapitur
1174 1417 1369 1478 miser
1421 1413 1920 1495 exstinguendus

260 1530 643 1591 Messalinae
688 1535 921 1593 oculis:
982 1534 1232 1593 dudum
1270 1532 1452 1593 sedet'
1492 1534 1607 1593 illa
1650 1546 1878 1613 parato

252 1649 306 1709 F
308 1650 593 1714 lameolo
611 1696 627 1723 ‚
672 1652 1032 1730 Tyriusque
1076 1651 1297 1727 palam
1339 1650 1604 1727 genialis
1644 1652 1718 1709 in
1759 1650 1962 1725 hortis

248 1768 585 1831 Sternitur
626 1779 693 1825 et
732 1768 869 1827 ritu
904 1768 1111 1827 decies
1157 1776 1430 1824 centena
1457 1764 1784 1825 dabuntur
1855 1791 1860 1799 ·
2191 1766 2318 1833 335

246 1888 582 1968 Antiquoz
625 1886 843 1945 veniet
886 1906 1036 1947 cum
1075 1883 1502 1966 signatoribus
1545 1904 1798 1966 auspex.

248 2006 443 2067 Haec
486 2017 559 2063 tu
603 2018 847 2065 secreta
892 2018 957 2065 et
998 2006 1217 2086 paucis
1264 2004 1601 2065 commissa
1643 1971 1931 2087 putabas.

254 2126 443 2198 Non,
487 2126 627 2185 nisi
656 2124 981 2205 legitime,
1030 2124 1167 2185 vult
1206 2122 1470 2185 nubere.
1561 2124 1736 2205 Quid
1777 2127 2066 2209 placeat,
2112 2128 2243 2189 dic.
2295 2146 2306 2157 “

254 2245 344 2306 Ni
386 2265 613 2327 parere
656 2245 845 2320 velis,
888 2245 1300 2344 pereundum
1345 2247 1469 2307 erit
1511 2259 1662 2308 ante
1705 2247 2027 2310 lucernas:
2103 2244 2112 2258 ‘

254 2365 327 2426 Si
368 2366 571 2426 scelus
604 2365 923 2438 admittaS,
966 2365 1227 2426 dabitur
1252 2387 1439 2428 mora
1464 2367 1751 2448 parvula,
1797 2368 1954 2428 dum
1996 2387 2098 2430 res
2149 2373 2312 2456 349

256 2486 431 2546 Nota
472 2485 635 2546 Urbi
676 2498 745 2545 et
784 2485 1029 2566 populo
1074 2488 1414 2565 contingat
1437 2485 1756 2565 Principis
1799 2507 2002 2551 auras.

256 2605 557 2690 Dedecus
600 2603 713 2667 ille
758 2605 987 2664 domus
1030 2573 1208 2662 sciet·
1231 2605 1528 2664 ultimus:
1573 2606 1822 2664 interea
1864 2619 1938 2666 tu

258 2723 633 2802 Obsequere
674 2722 953 2810 imperio
975 2764 992 2794 ,
1036 2721 1120 2780 sit
1161 2722 1330 2782 tanti
1371 2721 1505 2780 vita
1547 2721 1800 2782 dierum

252 2845 645 2906 Paucorum.
685 2875 711 2914 χ
734 2839 1067 2920 Quidquid
1104 2841 1340 2902 melius
1384 2840 1712 2924 leviusque
1755 2842 2016 2924 putaris,

256 2961 639 3026 Pratebenda
660 2973 756 3020 est
780 2960 995 3041 gladio
1009 2959 1235 3042 pulcra
1262 2959 1426 3040 haec
1457 2975 1524 3022 et
1567 2962 1844 3027 candida
1866 2962 2096 3028 cervix.
2187 2959 2313 3028 345

387 3083 500 3142 Nil
544 3094 695 3161 ergo
738 3079 1073 3165 optabunt*
1098 3065 1438 3142 homines?
1479 3081 1549 3143 Si
1594 3085 1937 3146 consilium
1979 3085 2106 3158 vis,

257 3201 603 3264 Permittes
644 3201 795 3281 ipsis
838 3201 1199 3282 expendere
1238 3203 1650 3278 numinibus,
1695 3204 1852 3284 quid

266 3321 624 3384 Conveniat
666 3322 851 3382 nobis
893 3304 1211 3401 rebusque
1252 3323 1336 3382 sit
1375 3305 1538 3382 utile
1579 3323 1832 3384 nostris.

261 3441 433 3504 Nam
474 3455 591 3524 pro
634 3443 933 3502 iucundis
976 3441 1303 3522 aptissima
1348 3459 1632 3522 quaeque
1678 3442 1930 3504 dabunt*
1969 3444 2054 3504 di.

260 3561 497 3622 Carior
538 3575 632 3622 est
671 3561 801 3622 illis
842 3561 1062 3634 homo,
1106 3577 1303 3640 quam
1345 3560 1484 3620 sibi.
1570 3560 1698 3621 Nos
1725 3565 2094 3629 animorum
2178 3563 2307 3633 350

258 3679 553 3766 Impulsu
608 3695 671 3741 et
716 3699 908 3757 caeca
948 3679 1309 3760 magnaque
1357 3681 1658 3761 cupidine
1703 3683 1914 3756 ducti,

264 3801 657 3894 Coniugium
698 3804 983 3886 petimus
1020 3813 1408 3883 partumque
1451 3801 1663 3862 uxoris
1677 3823 1694 3858 z
1735 3815 1802 3862 at
1843 3801 1968 3868 iuis

263 3919 543 3998 Notum,
588 3927 697 4006 qui
740 3924 928 4006 pueri
970 3921 1298 4007 qualisque
1331 3921 1556 3986 sutura
1594 3925 1676 3988 sit
1718 3943 1895 3987 uxor.
