2644 4450
702 302 1263 367 ‘SATIRA
1353 304 1530 367 xm.
2063 310 2186 375 1οῐ

162 480 349 559 Atque
388 478 537 538 ideo
577 476 890 557 intrepidi
934 496 1352 557 quaecunque
1397 478 1626 537 altaria
1667 491 1966 558 tangunt.

78 616 85 627 ’
158 597 259 657 Est
292 598 449 657 alius
467 643 483 671 ‚
526 565 828 657 metuent
865 610 951 657 ne
992 598 1243 657 crimen
1286 614 1498 677 poena
1539 610 1872 677 sequatur:
1946 571 1966 588 ⁴
2104 602 2194 663 90

157 717 265 777 Hic
302 729 489 797 putat
532 733 665 775 esse
708 714 881 777 Deos
924 730 989 776 et
1030 718 1313 796 peierat,
1359 730 1552 796 atque
1595 717 1688 777 ita
1728 734 1984 775 secum=
2019 726 2028 735 '

156 838 458 902 Decernat
473 882 489 910 ‚
538 822 963 917 quodcunque
1009 837 1183 927 volet
1198 881 1215 910 ,
1276 836 1356 897 de
1401 856 1668 917 corpore
1711 849 1933 897 nostro

154 957 255 1019 Isis
292 972 352 1017 et
390 961 565 1019 irato
611 956 803 1018 feriat
844 976 994 1019 mea
1034 956 1291 1017 lumina
1335 958 1518 1015 sistro
1539 1002 1554 1030 ,
1583 991 1592 1005 ,
1675 950 1683 957 ⁴
1723 986 1728 995 ·

155 1075 509 1137 Dummodo
557 1076 931 1137 vel-caecus
973 1089 1265 1151 teneam,
1312 1094 1468 1156 quos
1513 1076 1780 1157 abnegO,
1815 1096 2143 1138 nummos.

154 1193 227 1255 Et
262 1196 532 1278 phthisis
574 1209 641 1255 et
686 1198 981 1277 vooenicae
1018 1210 1240 1277 putres
1287 1208 1352 1255 et
1401 1189 1746 1257 diinidiur‘n
1791 1216 1934 1256 crus
2105 1198 2210 1262 95,

155 1313 303 1373 Sunt
338 1316 551 1375 tanti?
602 1316 894 1397 »Pauper
933 1317 1330 1397 locupletem
1373 1329 1596 1396 optare
1639 1314 1992 1396 podagram
2029 1328 2031 1330 ’

156 1433 277 1493 Nec
318 1405 569 1509 dubitet
611 1436 850 1527 Ladas3
894 1438 947 1497 si
988 1454 1125 1495 non
1150 1448 1312 1517 ‘eget
1358 1436 1702 1517 Anticyra,
1761 1453 1890 1495 neo

152 1552 517 1635 Archigene.
608 1556 783 1634 Quid
826 1557 1006 1615 enim
1046 1554 1293 1615 velocis
1310 1550 1317 1557 ’
1334 1556 1540 1633 gloria
1589 1556 1851 1633 plantae

154 1669 425 1733 Praestat
463 1687 529 1732 et
574 1675 857 1731 esuriens
901 1672 1163 1730 Pisaeae
1206 1686 1424 1729 ramus
1467 1672 1721 1730 olivae?

154 1788 225 1848 Ut
264 1793 351 1851 sit
395 1808 654 1867 magna,
695 1802 921 1849 tamen
964 1800 1139 1847 certe
1183 1787 1366 1849 lenta
1407 1789 1504 1847 ira
1530 1787 1827 1847 Deorum
1871 1803 1983 1851 est.
2075 1796 2200 1855 100

150 1907 203 1969 Si
249 1919 487 1967 curant
528 1906 729 1987 igitur
768 1920 1033 1967 cunctos
1073 1908 1307 1987 punire
1351 1920 1689 1982 nocentes,

154 2027 423 2108 Quando
469 2024 551 2085 ad
590 2046 701 2087 me
742 2026 1044 2087 venient?
1086 2027 1199 2087 sed
1236 2040 1301 2087 et
1345 2026 1670 2089 exorabile
1713 2044 1960 2087 numen

150 2146 427 2208 Fortasse
474 2148 793 2228 experiar,
838 2148 1001 2206 solet
1044 2146 1141 2206 his
1187 2140 1538 2234 ignoscet-e.
1623 2146 1824 2211 Multi

154 2266 578 2328 Committunt
620 2267 851 2326 eadem
894 2267 1144 2328 diverso
1190 2263 1465 2334 'crimina
1507 2269 1677 2329 fato}

151 2383 259 2448 me
305 2405 569 2446 crucem
608 2387 860 2448 sceleris
902 2383 1192 2468 pretium
1232 2389 1386 2448 tulit
1411 2433 1428 2461 ‚
1471 2389 1582 2448 hic
1628 2356 1946 2448 diadema.
2074 2369 2198 2451 105'

156 2504 251 2564 Sic
292 2507 591 2566 animum
635 2507 813 2566 dirae
857 2507 1189 2585 trepidum
1231 2507 1580 2566 formidine
1627 2509 1856 2587 culpae
2179 2485 2192 2526 ²

156 2622 571 2687 Confirmant.
657 2624 945 2684 Tunc·te
990 2641 1171 2682 sacra
1214 2626 1297 2684 ad
1341 2624 1618 2689 delubra
1653 2601 1999 2684 vocantem

156 2741 516 2814 Praecedit,
558 2741 817 2800 trahere
858 2729 1067 2802 imrno
1111 2743 1285 2821 ultro
1331 2761 1406 2802 ac
1449 2761 1682 2804 vexare
1724 2755 2001 2822 paratus.
2075 2778 2078 2781 ·
2166 2771 2180 2786 ,

158 2861 310 2924 Nam
357 2881 563 2942 quum
604 2881 843 2942 magna
883 2861 1099 2922 malae
1141 2875 1424 2943 superest
1467 2861 1737 2924 audacia
1781 2881 2040 2938 causae,

162 2982 447 3046 Creditur
490 3002 531 3042 a
568 2981 795 3043 multis
836 2981 1095 3042 fiducia.
1180 2983 1468 3044 Mimum
1508 2983 1639 3064 agit
1681 2983 1816 3057 ille,
2077 2985 2201 3048 110

162 3101 393 3166 Urbani
436 3104 711 3184 qualem
738 3103 1043 3185 fugitivus
1084 3123 1303 3163 scurra
1349 3103 1618 3162 Catulli:

165 3218 255 3281 Tu
291 3226 484 3284 miser
528 3223 879 3299 exclamas,
922 3237 998 3284 ut
1040 3225 1341 3283 Stentora
1385 3224 1642 3282 vincere
1686 3225 1912 3302 possis,

173 3336 277 3398 vel
314 3344 557 3421 potius,
604 3356 919 3424 quantum
953 3341 1268 3404 Gradivus
1311 3343 1727 3403 Homericus:
1771 3343 1970 3404 Audis

168 3455 462 3540 Iuppiter,
509 3463 690 3536 haee,
732 3481 857 3522 nec
900 3463 1083 3522 labra
1123 3481 1346 3521 moves
1365 3507 1382 3534 ‚
1429 3457 1636 3541 quum'
1671 3463 1929 3532 mittere
1959 3439 2200 3522 'vocem
2257 3529 2266 3541 ἱ

170 3574 476 3644 Debueras
522 3584 625 3642 vel
667 3565 1073 3659 ruarmoreus
1110 3580 1215 3640 vel
1263 3565 1548 3640 aeneus?
1591 3594 1700 3640 aut
1746 3601 1860 3640 cur
2075 3583 2198 3645 115

174 3693 245 3754 In
283 3702 709 3762 carbone—tuo
754 3701 983 3762 charta
1022 3703 1131 3782 pia
1174 3701 1366 3760 thura
1407 3699 1618 3760 soluta

174 3809 459 3882 Ponimus
503 3835 569 3882 et
608 3835 860 3884 sectum
904 3822 1093 3882 vituli
1134 3823 1315 3880 iecur
1360 3819 1634 3902 albaque
1678 3821 1858 3900 porci

178 3931 473 4000 Omenta?
558 3941 648 4001 Ut
690 3943 911 4016 video,
954 3941 1215 4005 nullum
1256 3940 1602 4021 discrimen
1647 3940 2021 4032 habendum
2066 3953 2158 3998 est
