2644 4450
169 1316 211 1369 B

362 280 407 345 e
926 276 1010 341 D.
1055 276 1259 337 nm.
1304 274 1882 372 luvssuims

370 448 438 513 si
462 448 569 513 fur
599 410 933 529 displiceat
968 398 1157 509 Verri
1174 494 1191 523 ‚
1234 446 1564 513 homicida
1597 446 1874 534 Miloni?

373 569 637 629 Clodius
683 582 935 629 accuset
962 568 1301 642 moechos,
1347 566 1632 630 Catilina
1674 562 2080 645 Cethegum?

351 688 453 754 ‘In
480 688 769 749 tabulam
785 674 789 682 ¹
808 688 1025 749 Sullae
1056 690 1111 749 si
1140 689 1360 748 dicant
1405 686 1703 767 discipuli
1727 684 1895 744 tres?

377 799 602 889 Qualis
640 821 777 874 erat
817 828 1025 889 nuper
1061 810 1307 888 tragico
1335 806 1620 888 pollutus
1661 804 1913 867 adulter

374 928 771 1002 Concubitu,
821 930 929 1009 qui
970 941 1127 987 tunc
1156 928 1324 1009 leges
1373 927 1722 989 revocabat
1773 940 2021 986 amaras

374 1050 694 1111 Omnibus
756 1062 945 1129 atque
986 1051 1135 1131 ipsis
1172 1048 1416 1109 Veneri
1453 1048 1780 1129 Martique
1821 1041 2175 1117 timendas,

374 1132 597 1249 Quum
640 1182 740 1241 tot
775 1167 1077 1231 abortivis
1107 1168 1455 1237 fecundam
1496 1167 1667 1235 Iulia
1697 1166 1956 1227 vulvam

367 1284 662 1361 Solveret
723 1300 785 1350 et
826 1301 1057 1371 patruo
1090 1288 1329 1366 similes
1361 1286 1724 1348 effunderet
1772 1282 1974 1345 offas?

368 1406 603 1467 Nonne
638 1410 835 1489 igitur
879 1409 1023 1467 iure
1066 1426 1139 1467 ae
1182 1410 1418 1469 merito
1457 1407 1618 1471 vitia
1659 1404 1900 1465 ultima
1941 1402 2126 1465 fictos

370 1526 818 1593 Contemnunt
856 1526 1127 1587 Scauros
1156 1540 1220 1587 et
1254 1529 1563 1609 castigata
1603 1522 2024 1586 remordent?

365 1616 516 1705 Non
543 1647 697 1706 tulit
724 1620 957 1708 ex’illis
986 1661 1249 1709 torvum
1270 1648 1599 1709 Lauronia
1631 1641 1982 1725 quemdam

370 1764 782 1829 clamantem
813 1770 1029 1828 toties:
1118 1767 1251 1828 Ubi
1276 1742 1452 1837 nunc
1493 1766 1600 1825 lex
1637 1765 1847 1825 Iulia?
1893 1762 2176 1823 dormis?

370 1885 475 1945 Ad
508 1906 700 1966 quem
727 1888 1091 1957 subridens:
1137 1886 1383 1947 Felicia
1425 1898 1720 1965 tempora
1741 1929 1758 1958 ,
1806 1904 1966 1965 quae
1994 1896 2061 1942 te

370 2004 667 2075 Moribus
700 2019 1055 2086 opponunt.
1143 1978 1401 2065 Habeat
1429 2006 1562 2065 iam
1594 2005 1804 2066 Roma
1838 2003 2176 2085 pudorem,

364 2125 625 2194 Tertius
658 2146 693 2183 e
726 2126 907 2186 coelo
941 2126 1173 2187 cecidit
1208 2091 1390 2215 Cato,
1479 2123 1606 2184 Sed
1636 2138 1860 2187 tamen
1889 2122 2063 2183 unde

367 2245 548 2307 Haec
576 2247 765 2318 emss,
812 2245 1057 2306 hirsuto
1087 2248 1333 2326 spirant
1378 2245 1794 2327 opobalsama
1825 2246 1993 2308 collo

2347 924 2439 986 30

2349 2122 2440 2191 40

370 2362 555 2444 Quae
592 2365 757 2432 tibi?
841 2365 941 2437 Ne
964 2365 1204 2446 pudeat
1232 2366 1578 2439 dominum
1614 2379 1974 2432 monstrare
2016 2364 2350 2426 tabernae.

370 2486 562 2565 Quod
602 2487 656 2559 si
692 2497 1003 2555 vexantur
1030 2487 1201 2568 leges
1232 2507 1305 2546 ac
1337 2487 1512 2561 iura,
1561 2487 1747 2558 citari

364 2605 537 2666 Ante
582 2625 802 2666 omnes
836 2605 1029 2666 debet
1052 2606 1357 2668 Scatinia.
1444 2607 1718 2688 Respice
1757 2607 2049 2686 primum

363 2727 448 2794 Et
476 2739 759 2800 scr-utare
785 2727 979 2802 viros:
1023 2727 1273 2798 faciunt
1298 2728 1373 2788 hi
1400 2727 1625 2808 plura,
1669 2727 1780 2789 sed
1809 2728 1954 2798 illos

367 2845 678 2909 Defendit
707 2867 1014 2910 numerus
1053 2847 1444 2926 iunctaeque
1480 2842 1768 2906 um'bone
1803 2847 2170 2928 phalanges⁸

366 2965 611 3044 Magna
640 2967 811 3025 inter-
847 2966 1079 3026 molles
1114 2966 1478 3027 concordia.
1567 2967 1629 3025 N
1632 2987 1718 3028 on
1745 2969 1867 3030 erit
1891 2967 2111 3038 ,ullum

366 3083 757 3166 Exemplum
786 3086 859 3156 in
890 3097 1110 3147 nostro
1138 3098 1278 3146 tam
1310 3085 1684 3152 detestabile
1713 3107 1884 3149 sexu.

368 3205 615 3266 Taedia
639 3225 773 3273 non
808 3204 1041 3274 lambit
1070 3204 1403 3280 Cluviam,
1447 3226 1571 3277 nec
1597 3205 1794 3272 Flora
1829 3206 2194 3294 Catullam:

2230 3373 2234 3377 -
2341 3327 2436 3398 50
2501 3337 2510 3344 '

366 3327 569 3408 Hispo
600 3326 773 3388 subit
804 3327 1065 3397 iuvenes
1094 3339 1159 3390 et
1189 3325 1421 3390 mor-ho
1452 3325 1656 3407 pallet
1689 3339 2006 3408 utroque„

366 3445 703 3526 Numquid
724 3465 840 3508 nos
870 3447 1117 3527 agimus
1146 3466 1393 3520 causas,
1440 3447 1656 3516 civilia
1679 3449 1824 3508 iura

368 3567 713 3638 Novimus,
762 3579 872 3628 aut
894 3552 1032 3640 ullo
1077 3568 1351 3647 strepitu
1377 3566 1517 3628 fora
1553 3564 2230 3654 vestra-movemus?

369 3685 731 3760 Luctantur
756 3705 1033 3768 paucaez
1079 3687 1432 3753 comedunt
1457 3685 1741 3766 coliphia
1765 3705 2030 3768 paucae.
2134 3702 2143 3711 “

368 3803 516 3864 Vos·
530 3805 751 3869 lanam
776 3808 1029 3871 trahitis
1059 3805 1455 3886 calathisque
1475 3818 1746 3890 ,peracta
1767 3776 2018 3866 refertis
2075 3842 2083 3855 ·

366 3917 665 4002 venerae·
702 3945 810 3997 vos
842 3925 1027 4000 tenui
1066 3939 1534 4018 praegnantem
1562 3922 1836 3996 stamine
1865 3926 2082 3995 fusum

2347 2722 2441 2798 45

2345 3925 2432 3996 55
