2644 4450
328 284 453 389 fliz
922 272 1005 335 D.
1052 272 1251 336 IUN.
1296 266 1872 333 IUVENAJLIS

368 450 673 531 Adspice,
722 466 917 529 quam
958 446 1155 527 longo
1203 444 1522 507 distendat
1565 458 1826 525 pectore
1845 448 1854 459 '
1873 443 2126 529 lancem
2145 488 2161 515 ,
2341 444 2435 509 80·

372 571 555 651 Quae
596 569 801 629 fertur
846 566 1111 627 domino
1154 564 1395 657 squilla
1433 576 1498 622 et
1544 563 1772 643 quibus
1816 563 2100 643 undique
2129 572 2344 643 cepta·

125 726 195 755 aa
364 690 755 773 Asparagis,·
784 706 907 769 qua
952 684 1259 767 despiciat
1304 670 1600 744 convivia
1643 684 1881 757 cauda,

246 775 285 795 χ
364 810 587 889 Quurri
632 806 809 867 venit
853 804 1087 865 excelsi
1128 804 1428 864 manibus
1472 802 1724 865 sublata
1765 804 2061 866 ministri.

360 927 489 987 Sed
531 926 652 989 tibi
698 924 969 987 dimidio
1016 922 1397 1009 constrictus
1442 943 1804 984 cammarus
1843 943 1964 983 ovo

358 1046 633 1107 Ponitur
674 1048 905 1127 exigua
947 1044 1161 1105 feralis
1206 1064 1409 1103 coena
1451 1044 1713 1123 patella.
2045 1086 2054 1095 .
2236 1020 2246 1029 ³
2331 1040 2428 1108 85

358 1164 501 1247 Ipse
546 1163 917 1234 Venafrano
959 1168 1202 1247 piscem
1245 1164 1611 1244 perfundit:
1657 1178 1723 1225 at
1768 1165 1876 1225 hic
1895 1204 1911 1237 ,
1957 1166 2068 1244 qui
2157 1196 2162 1201 ·

233 1310 257 1351 ·,
354 1284 643 1347 Pallidus
688 1284 955 1346 affertur
996 1287 1232 1345 misero
1276 1284 1400 1346 tibi
1446 1286 1672 1357 caulis,
1719 1283 1920 1343 olebit

358 1405 740 1465 Laternam=
784 1382 971 1465 illud'
996 1404 1174 1465 enim
1220 1404 1440 1464 vestris
1485 1404 1676 1463 datur
1721 1370 2011 1477 alveolis,
2059 1386 2232 1483 duod

356 1522 587 1585 Canna
626 1511 1051 1604 Micipsarum
1092 1540 1287 1603 prora
1331 1511 1624 1583 subvexit
1669 1537 1890 1598 acuta,
2138 1522 2143 1527 ’

352 1610 631 1725 ΡτδΡΙῑει·
673 1644 845 1725 quod
888 1642 1136 1703 Romae
1184 1662 1338 1703 cum
1365 1642 1694 1703 Bocchare
1729 1663 1924 1703 nemo
1953 1643 2242 1716 lavatur,
2281 1688 2290 1693 -
2327 1644 2422 1706 90

202 1724 239 1777 κ
360 1762 554 1843 Quod
594 1776 769 1823 tutos
810 1764 1011 1823 etiam
1055 1762 1214 1823 facit
1259 1781 1298 1822 a
1341 1731 1744 1847 serpentibus
1787 1762 1989 1824 Afros.
2049 1774 2054 1779 ·

352 1880 601 1962 Mullus
646 1886 770 1943 erit
814 1882 1085 1955 domini,
1132 1897 1328 1962 quem
1369 1884 1548 1942 misit
1593 1882 1868 1958 Corsica,
1913 1883 2018 1943 vel
2047 1904 2246 1963 quem

348 1998 943 2075 Tauromenitanae
986 2020 1175 2080 rupes
1198 2044 1215 2072 ,
1264 2000 1521 2081 quando
1570 2019 1766 2061 omne
1807 2016 2144 2082 peractum
2189 2018 2286 2064 est

350 2122 437 2185 Et
477 2124 613 2184 iam
658 2120 893 2199 defecit
938 2132 1233 2217 nostrum
1275 2138 1492 2193 mare,
1540 2120 1698 2191 dum
1740 2093 1893 2203 gula
1941 2124 2138 2185 saevit

347 2237 619 2304 Retibus
664 2242 927 2302 assiduis
970 2233 1227 2321 penitus
1272 2254 1600 2302 scrutante
1650 2243 1928 2306 macello
2323 2245 2418 2312 95

344 2361 686 2436 Proxima,
730 2381 853 2423 nec
898 2362 1185 2442 patimur
1226 2360 1640 2446 Tyrrhenum
1689 2383 1977 2424 crescere
2016 2326 2322 2446 piscem.

346 2479 617 2540 Instruit
659 2499 811 2563 ergo
838 2479 1060 2542 focum
1100 2482 1463 2562 provincia:
1507 2483 1999 2544 ειιωιϊιιῐιίἰῌιιο

346 2601 541 2682 Quod
587 2613 878 2683 captator
922 2613 1097 2662 emat
1139 2601 1348 2662 Lenas
1371 2647 1390 2678 ,
1447 2602 1710 2664 Aurelia
1753 2603 2012 2664 vendat.

348 2695 615 2782 Virroni
656 2739 971 2783 muraena
1016 2720 1225 2796 datur,
1271 2741 1437 2803 quae
1482 2723 1767 2784 maxima
1808 2724 1984 2784 venit

342 2839 621 2922 Gurgite
648 2842 729 2938 de
772 2840 1026 2903 Siculo:
1069 2851 1246 2914 nam,
1292 2841 1452 2902 dum
1493 2864 1560 2904 se
1605 2846 1896 2904 continet
1936 2846 2186 2922 Auster,
2279 2850 2419 2916 100

344 2959 529 3018 Dum
569 2957 749 3019 sedet
790 2970 857 3018 et
898 2959 1096 3020 siccat
1138 2960 1430 3020 madidas
1466 2963 1540 3022 in
1585 2981 1839 3022 carcere
1885 2958 2158 3044 pennas}

344 3075 791 3138 Contemnunt
846 3078 1132 3138 mediam
1197 3078 1546 3160 temeraria
1587 3066 1742 3143 lina‘
1767 3083 2186 3165 Charybdim.

344 3194 474 3257 Vos
519 3198 805 3278 anguilla
851 3211 1074 3258 manet
1131 3199 1364 3280 longae
1409 3217 1682 3282 cognata
1728 3203 2058 3279 colubrae,

341 3317 473 3376 Aut
517 3317 725 3398 glacie
768 3319 1096 3400 adspersus
1140 3321 1416 3380 maculis
1457 3321 1801 3384 Tiberinus
1847 3339 1912 3384 et
1953 3327 2090 3406 ipse

344 3437 635 3507 vernula
676 3439 967 3519 riparum
1022 3440 1277 3521 pinguis
1318 3453 1607 3549 torrente
1654 3443 1874 3504 cloaca
2273 3431 2432 3522 105ν

338 3555 420 3616 Ft
464 3557 688 3620 solitus
732 3560 987 3620 mediae
1048 3573 1345 3642 cryptam
1385 3576 1758 3640 penetrare
1747 3563 2086 3628 Suburae.

339 3646 468 3755 Ipsi
498 3697 704 3758 pauca
730 3681 969 3754 velim,
1024 3680 1288 3740 facilem
1332 3682 1386 3740 si
1427 3683 1732 3760 praebeat
1774 3705 2031 3744 aurem·

338 3795 546 3854 Nemo
592 3802 784 3878 petit,
844 3802 1122 3888 modicis·
1174 3819 1337 3878 quae
1394 3801 1825 3864 mittebantur
1865 3807 2130 3864 amicis

338 3915 397 3974 A
439 3913 717 3992 Seneca,
764 3939 925 3998 quae
968 3920 1112 3980 Piso
1158 3920 1400 3996 bonuS,
1447 3941 1609 4001 quae
1657 3922 1861 4005 Cotta*
1889 3924 2136 3984 solebat
2163 3930 2177 3936 ”
