2644 4450
874 283 1401 369 SATIBA
1488 272 1575 348 112
2211 293 2254 353 ⁷

705 425 713 435 ,
2201 404 2228 429 κ,

178 463 498 522 Poenitet.
594 454 909 539 Experiar
927 503 944 533 ,
992 454 1147 537 quid
1172 456 1568 517 concedatur
1595 460 1667 519 in
1693 460 1840 519 illos
1855 508 1872 536 ‚
2122 460 2246 525 170

183 582 485 661 Quorum
511 574 834 639 Flaminia
860 579 1099 659 tegitur
1124 577 1285 637 cinis
1314 589 1506 659 atque
1547 577 1798 639 Latina.
2113 577 2125 589 ’

786 919 1656 1022 SATIRAlr

308 1072 503 1154 Ultra
526 1092 936 1153 Sauromatas
964 1083 1187 1171 fu'gere
1216 1089 1372 1153 hinc
1397 1090 1562 1151 libet
1601 1104 1666 1148 et
1695 1087 2044 1171 glacialem

145 1270 151 1275 .
186 1216 554 1287 Oceanum,
602 1210 849 1290 quoties
876 1188 1121 1289 aliquid
1158 1188 1243 1267 de
1260 1190 1549 1271 moribus
1579 1209 1850 1286 audent,

194 1334 325 1412 Qui
364 1332 586 1393 Gurios
612 1329 921 1394 simulant
950 1340 1017 1389 et
1046 1328 1482 1391 Baechanalia
1515 1331 1763 1390 vivunt.
1961 1315 1973 1343 ¹

189 1450 449 1512 Inducti
481 1452 803 1531 primum:
849 1469 1239 1530 quamquam
1277 1452 1478 1531 plena
1503 1452 1725 1511 omnia
1765 1470 1960 1531 gypso

196 1570 542 1651 Chrysippi
579 1570 887 1630 invenias·
909 1559 1104 1629 XNam
1127 1568 1624 1649 perfectissimus
1653 1569 1894 1633 horum
1909 1582 2004 1629 est
2019 1614 2036 1644 ‚
2209 1564 2253 1632 5

182 1689 245 1749 Si
281 1692 426 1769 quis
454 1688 877 1750 Aristotelem
916 1688 1201 1745 similem
1223 1729 1241 1759 ‚
1272 1686 1380 1743 vel
1407 1670 1706 1745 Pittacon
1740 1664 1904 1769 emit

182 1808 257 1867 Et
282 1808 485 1869 iubet
535 1804 915 1883 archetypos
960 1803 1263 1883 pluteum
1304 1822 1556 1885 ser-vare
1589 1804 1952 1864 Cleanthas.

186 1926 449 1987 Frontis
487 1922 671 1983 nulla
709 1917 885 1982 fides.
933 1921 1092 2001 Quis
1140 1922 1318 1981 enim
1345 1942 1484 1981 non
1529 1924 1704 1986 vicus
1743 1924 2028 1984 abundat

184 2038 509 2104 Tristibus
532 2042 905 2102 obscoenis?
954 2042 1238 2123 Castigas
1274 2044 1519 2125 turpia,
1565 2064 1768 2124 quum
1809 2046 1890 2104 sis

186 2161 365 2223 Inter
394 2147 1120 2223 Socraticosnotissima
1154 2160 1319 2221 fossa
1356 2152 1676 2224 cinaedos,
2177 2168 2266 2234 10

194 2259 465 2365 Hispida
495 2281 793 2344 membra
820 2279 1085 2362 quidem
1130 2295 1193 2342 et
1223 2281 1422 2342 durae
1461 2303 1576 2366 per
1607 2284 1877 2347 brachia
1915 2299 2089 2346 setae

195 2403 591 2484 Promittunt
628 2415 916 2462 atrocem
956 2403 1281 2492 animum:
1327 2401 1440 2462 sod
1465 2403 1697 2484 podice
1733 2405 1862 2465 levi

200 2507 571 2585 Caeduntur
600 2505 922 2595 tumidae,
966 2521 1223 2582 medico
1261 2523 1548 2596 ridente,
1592 2493 1956 2588 mariscae.-

202 2639 395 2700 Rarus
440 2659 653 2702 sermo
684 2641 819 2701 illis
864 2653 931 2700 et
958 2659 1201 2720 magna
1225 2638 1453 2700 lubido
1494 2642 1758 2700 tacendi

208 2759 399 2841 Atque
436 2758 790 2839 supercilio
811 2757 1073 2820 brevior
1102 2775 1306 2820 coma.
1358 2755 1588 2818 Verius
1625 2743 1778 2837 ergo
1854 2817 1858 2823 ,
2176 2759 2261 2826 15

206 2878 281 2942 Et
300 2882 505 2963 magis
531 2880 817 2960 ingenue
838 2870 1243 2940 Peribomius
1262 2922 1278 2951 ,
1325 2877 1502 2938 hunc
1535 2895 1668 2958 ego,
1699 2876 1847 2938 fatis

202 2964 455 3083 Imputo
474 3045 491 3076 ‚
538 3001 651 3080 qui
688 2999 877 3060 vultu
921 2998 1227 3058 morbum
1266 2998 1642 3080 incessuque
1681 2997 1944 3064 fatetur.

200 3119 451 3182 Horum
476 3119 857 3199 simplicitas
882 3106 1267 3180 miserabilis
1282 3163 1299 3192 ,
1343 3119 1442 3180 his
1468 3119 1650 3210 {uror
1677 3119 1816 3199 ipse
2265 3137 2292 3170 ν

55 3221 57 3228 ’
102 3300 111 3308 ,
200 3237 328 3300 Dat
352 3236 645 3303 veniam:
690 3239 801 3298 sed
828 3241 1111 3321 peiores,
1166 3239 1279 3320 q‘ui
1306 3239 1465 3300 talia
1492 3238 1702 3299 verbis
1803 3291 1812 3298 .

201 3357 498 3420 Herculis
516 3357 835 3422 invadunt
860 3371 925 3419 et
955 3359 1035 3419 de
1069 3359 1307 3434 virtute
1340 3359 1596 3440 loquuti
2162 3359 2252 3424 20

204 3477 481 3540 Clunem
506 3479 773 3559 agitant.
855 3479 997 3561 Ego
1023 3492 1089 3538 te
1126 3491 1492 3552 ceventem‚
1537 3477 1757 3552 Sexte,
1803 3474 2108 3538 verebor?

198 3571 463 3661 Infamis
488 3596 769 3660 Varillus
800 3598 917 3659 ait:
964 3618 1087 3679 quo
1119 3599 1398 3659 deterior
1427 3597 1542 3658 te?
1580 3611 1588 3619 ‘

200 3716 589 3801 Loripedem
623 3731 835 3779 rectus
865 3688 1152 3780 derideat
1166 3764 1183 3794 ,
1226 3715 1618 3798 Aethiopem
1641 3701 1842 3776 albus.

208 3835 360 3916 Quis
398 3839 623 3899 tulerit
654 3837 982 3931 Gracchos
1012 3841 1089 3900 de
1120 3839 1433 3902 seditione
1471 3837 1846 3920 querentes?

218 3953 367 4034 Quis
404 3954 877 4046 c'oelum'terris
916 3979 1051 4019 non
1081 3962 1345 4021 misceat
1375 3972 1438 4020 et
1463 3979 1643 4021 mare
1673 3957 1854 4020 coelo
1874 4000 1891 4029 ,
1961 3980 1969 3988 ·
2053 4033 2072 4039 p
2173 3951 2268 4020 25
