2644 4450
451 238 554 347 IN*
588 283 670 343 n.
714 282 890 345 IUN.
935 280 1389 343 IUVENALIS
1430 278 1815 345 SATIRAM
1858 280 2001 341 ΧΠ,
2118 280 2247 353 545

195 472 390 538 atque
433 456 816 537 impeditam
849 450 1040 527 dicat,
1082 454 1357 534 ideoque
1400 472 1518 539 pro
1570 454 1847 531 sanguis
1874 454 2253 532 ponendum

195 588 383 658 putet
425 576 622 648 sacri,
669 574 926 655 Virgilii
951 561 1220 658 flume'n
1253 593 1514 633 sacrum
1543 582 1608 632 et
1652 572 1997 633 Claudiani
2023 593 2256 637 sacras

199 696 417 755 undas
447 694 768 754 Clitumni
813 684 1156 752 adducens.
1245 692 1405 771 Quis
1449 704 1542 751 est
1582 694 1779 765 enim,
1824 693 1933 772 qui
1967 686 2255 755 offendat

197 818 275 875 in
327 827 579 874 mutato
633 813 954 885 subiecto,
1023 830 1147 891 qua
1203 813 1567 871 mutatione
1620 811 1790 871 nihil
1861 812 2255 893 frequentius
2300 774 2307 794 Ι

146 920 150 928 ’
201 934 377 1015 apud
419 934 682 1015 poetas?
767 932 968 992 Modo
1011 930 1419 1012 'cogitatione
1479 930 1771 1011 suppleas
1828 932 1911 993 ad
1976 936 2256 1014 sanguis
2316 998 2321 1017 Ι

198 1054 562 1135 genitivum
605 1052 1007 1135 pronominis
1052 1051 1198 1111 eius
1252 1052 1295 1109 i.
1344 1070 1404 1109 e.
1460 1052 1649 1109 tauri.
1736 1050 1991 1111 Deinde
2038 1074 2259 1132 quam-

202 1192 400 1253 quam
421 1192 611 1233 sacer
634 1172 805 1254 apud
833 1172 988 1232 alios
1008 1184 1225 1251 poetas
1249 1170 1589 1250 epitheton
1602 1168 1919 1232 Clitumni
1945 1193 2260 1253 aquarum

203 1305 317 1366 est,
359 1292 431 1355 id
472 1302 696 1351 tamen
739 1292 865 1350 hoc
909 1292 1054 1350 loco
1078 1309 1214 1350 non
1242 1288 1554 1362 desidero,
1599 1303 1825 1370 utpote
1854 1292 2035 1351 omni
2059 1294 2120 1353 vi
2154 1282 2262 1353 de-

201 1412 524 1473 stitutum.
611 1411 818 1471 Unice
859 1430 1088 1469 verum
1133 1423 1226 1469 est
1261 1412 1580 1490 sanguis:
1623 1430 1781 1469 nam
1824 1411 1949 1471 hoc
1978 1397 2161 1473 versu
2195 1427 2261 1473 et

199 1552 331 1613 seq.
377 1532 641 1593 victima
686 1528 1067 1591 describitur
1082 1574 1100 1601 ,
1162 1530 1345 1587 cuius
1387 1529 1642 1607 sanguis
1658 1572 1675 1603 ,
1736 1550 1939 1609 quum
1982 1532 2263 1613 profluea

200 1664 338 1724 ret,
395 1671 626 1731 purus,
703 1652 1115 1725 incorruptus
1132 1690 1150 1719 ,
1207 1650 1360 1707 non‘
1402 1645 1661 1705 vitiatus
1722 1661 1882 1707 esset
1898 1694 1915 1720 ,
1975 1662 2263 1730 quaeque

208 1739 664 1847 magnitudine
709 1766 1070 1827 excelleret.
1159 1764 1371 1841 Atque
1413 1764 1573 1825 tales
1614 1766 1927 1827 Romanis
1948 1788 2085 1829 non
2126 1788 2266 1829 mo-

209 1885 298 1949 do
369 1906 676 1967 magnae,
748 1884 860 1945 sed
919 1886 1116 1944 etiam
1173 1880 1590 1943 interioribus
1657 1884 1946 1965 partibus
1976 1872 1981 1890 ⁸
2017 1889 2265 1950 sanissi-

209 2026 390 2081 mae,
453 2009 527 2067 in
583 2005 858 2066 Umbria
901 2015 966 2061 et
1010 2002 1333 2063 Clitumni
1377 2022 1579 2083 aquae
1629 2006 2003 2068 salubritate
2049 2020 2113 2067 et
2160 2008 2269 2067 ad·
2354 2004 2361 2017 “

145 2168 149 2173 -
207 2128 576 2189 iacentium
639 2110 1028 2207 pascuorum
1099 2123 1391 2185 bonitate
1458 2126 1933 2186 nutriebantur.
2043 2126 2267 2209 Virgil.

213 2247 456 2330 Georg.
499 2248 613 2313 lib.
659 2237 766 2322 II,⁴
804 2265 888 2304 vs.
942 2247 1064 2309 146
1104 2265 1237 2326 sqq.
1936 2327 1943 2336 θ

295 2369 474 2433 Hinc
519 2347 682 2439 albi,
729 2365 1101 2438 Clitumne,
1146 2384 1400 2446 greges,
1446 2378 1512 2424 et
1552 2385 1860 2426 maxuma
1903 2379 2123 2428 taurus

297 2487 621 2557 Victima,
664 2502 854 2562 saepe
895 2495 1012 2541 tuo
1056 2482 1298 2562 perfusi
1341 2481 1615 2544 flumine
1658 2445 1839 2544 sacro

304 2605 636 2666 Romanos
681 2601 763 2661 ad
801 2601 1052 2682 templa
1097 2601 1292 2660 deum
1340 2601 1577 2662 duxere
1619 2603 1999 2686 triumphos.
2267 2685 2271 2692 Ι

221 2725 322 2787 Cf.
366 2723 537 2782 Plin.
582 2722 761 2802 epist.
805 2721 920 2781 lib.
965 2719 1143 2795 VIII,
1189 2739 1286 2801 ep.
1335 2723 1396 2784 8.
1440 2699 1657 2783 Laeta
1688 2743 1955 2802 pascua,
2000 2738 2075 2786 ut
2104 2729 2279 2816 apud

117 2858 130 2872 “
221 2843 455 2904 Horat.
497 2839 611 2902 lib.
657 2840 779 2915 1v,
850 2840 952 2900 od.
1012 2843 1086 2914 4,
1145 2861 1231 2900 vs.
1285 2843 1384 2904 13.
1446 2841 1525 2900 de
1567 2853 1903 2922 pratorum
1946 2843 2280 2908 fertilitate

163 3037 170 3042 ·
223 2976 313 3052 et,
333 2949 632 3025 ‘ubertate
673 2959 1101 3042 intelligenda
1144 2974 1314 3022 sunt.

637 3168 680 3254 S
725 3168 882 3230 AT
926 3167 960 3226 I
1002 3166 1162 3227 RA
1247 3165 1411 3240 XII,
1476 3185 1564 3227 vs.
1613 3169 1696 3232 17
1740 3187 1874 3248 sqq.

2328 3281 2341 3320 f
2402 3282 2405 3290 .

404 3323 812 3384 Describitur
847 3322 1208 3383 saevissima
1235 3327 1595 3404 te‘mpestas,
1642 3323 1821 3396 quius
1847 3319 2135 3402 pericula
2166 3319 2287 3382 Ca-

238 3443 473 3518 tullus,
512 3455 748 3524 poetae
789 3443 1069 3516 amicus,
1119 3439 1459 3522 effugerat:

233 3540 242 3560 ⁵
321 3561 496 3622 Nam
535 3576 790 3643 praeter
833 3561 1048 3642 pelagi
1090 3579 1266 3621 casus
1310 3576 1375 3620 et
1416 3561 1687 3642 fulguris
1729 3561 1939 3620 ictum

259 3685 264 3693 '
319 3681 514 3742 Evasi
559 3680 792 3740 densae
837 3679 1094 3740 coelum
1125 3679 1526 3742 'abscondere
1576 3678 1882 3740 tenebrae

261 3785 280 3798 ’
322 3800 514 3860 Nube
557 3819 692 3860 una
734 3798 1106 3879 subitusque
1147 3814 1463 3863 antennas
1506 3799 1773 3881 impulit
1814 3799 2011 3879 ignis,

242 3919 422 3980 Haec
481 3922 796 4001 scriptura
853 3932 946 3978 est
959 3933 984 3994 ,Ι
1045 3937 1240 4001 quam
1297 3923 1370 3980 in
1414 3920 1711 3980 omnibus
1757 3916 2143 3982 editionibus
2188 3935 2291 4009 ex·
