2644 4450
1523 606 1557 649 K

779 770 1724 904 Corri'genda.

215 1200 283 1254 P.
356 1200 424 1255 16
455 1214 536 1251 vs.
575 1200 674 1252 108
709 1196 820 1267 leg.
860 1195 1143 1265 crepitum
1176 1210 1283 1263 pro
1319 1190 1636 1263 crepidam.

218 1312 292 1329 -
355 1286 426 1339 29
459 1300 538 1335 νε.
578 1286 645 1339 10
678 1282 791 1352 leg.
832 1297 1011 1351 quum
1039 1290 1150 1349 'pro
1187 1297 1367 1353 quun.
1816 1301 1846 1332 ι

218 1397 288 1443 -ή
354 1366 424 1425 34
457 1384 536 1420 vs.
569 1364 688 1437 leg.
724 1365 962 1437 Migale.

217 1482 288 1493 -——·
355 1454 423 1509 36
451 1470 531 1507 vs.
569 1452 638 1507 43
673 1450 787 1521 leg.
821 1450 1075 1502 maritali
1109 1468 1216 1521 pro
1251 1448 1572 1504 maritiali.·

211 1566 287 1597 .--
352 1538 419 1593 41
454 1555 532 1590 vs,
571 1538 674 1593 176
709 1537 820 1606 leg.
866 1536 1122 1589 Latonae
1159 1552 1264 1604 pro
1297 1535 1615 1587 Lantonae.

210 1650 280 1663 -
349 1621 420 1676 47
453 1640 533 1673 vs.
571 1624 669 1675 852
701 1621 1188 1693 leg.'pereuntem
1221 1636 1329 1689 pro
1362 1626 1722 1689 pareuntem.

209 1733 281 1747 -—
349 1707 421 1759 83
454 1721 534 1755 vs.
571 1706 639 1759 93
673 1722 899 1760 comma
920 1723 1067 1775 ‚pom
1104 1714 1236 1776 post
1272 1705 1561 1761 cohortes.

209 1816 282 1829 -
352 1788 422 1843 93
455 1805 536 1844 vs,
572 1787 642 1843 20
676 1799 954 1859 punctum
987 1800 1119 1860 post
1153 1790 1277 1850 ludi
1312 1806 1447 1859 pon.

203 1904 280 1916 -—
316 1873 416 1929 125
452 1890 536 1925 vs.
574 1876 638 1931 61
667 1872 778 1947 leg.
815 1877 1053 1931 rixantis
1089 1894 1195 1945 pro
1231 1874 1505 1943 rixandis.
1550 1922 1555 1927 .

209 1985 278 2001 -
318 1959 421 2015 184
453 1958 494 2013 l.
529 1962 597 2017 28
634 1952 861 2013 ὁοιιιιιιει
893 1971 1026 2032 post
1061 1960 1220 2013 addit
1253 1976 1397 2029 pon.

203 2070 275 2083 -·
315 2044 414 2098 139
449 2044 488 2097 l.
530 2047 577 2099 1.
617 2046 982 2101 dividendum
1015 2047 1096 2099 Ie-
1126 2045 1399 2098 ctoribus.

209 2158 278 2169 -
316 2128 418 2184 144
449 2129 490 2183 1.
524 2133 596 2187 22
626 2146 886 2200 servum,
923 2132 1198 2186 redeunte
1233 2130 1440 2185 hieme.

205 2243 278 2258 —
447 2214 491 2272 l.
526 2219 594 2272 27
625 2214 742 2288 leg,
778 2218 1020 2272 sulcum.

201 2289 286 2342 ·-’
309 2301 412 2358 147
442 2301 486 2356 l.
522 2305 587 2357 21
626 2301 724 2374 leg
782 2305 1004 2359 iudicis,

197 2415 266 2426 --
304 2388 406 2440 158
440 2387 483 2436 1.
519 2391 588 2439 12
623 2405 854 2436 comma.
885 2405 1021 2451 pon.
1055 2398 1188 2452 post
1223 2384 1610 2453 explicationi.

200 2495 269 2508 —
308 2471 410 2522 166
446 2468 490 2522 l.
527 2471 562 2520 8
597 2483 824 2527 comma
863 2483 998 2534 pon.
1034 2477 1165 2536 post
1199 2469 1414 2526 dinem.

197 2564 267 2591 -‘
307 2554 410 2606 173
445 2551 486 2603 1.
521 2553 590 2606 28
624 2549 739 2619 leg.
766 2565 1006 2620 parvum
1038 2570 1144 2622 pro
1180 2571 1409 2624 pavum.

199 2666 264 2678 --
307 2634 412 2692 194
444 2636 486 2689 1.
525 2639 591 2691 11
628 2634 740 2704 leg.
777 2633 1120 2690 huiusmodi.

192 2751 262 2764 ....
299 2725 404 2778 205
443 2722 485 2775 1.
522 2723 559 2778 3
598 2737 824 2774 comma
857 2737 990 2790 pon.
1025 2732 1159 2792 post
1190 2725 1427 2778 amicus.

193 2837 260 2848 —
293 2811 400 2864 212
434 2808 476 2862 1.
518 2808 587 2862 14
622 2807 940 2860 coelestum
978 2825 1085 2877 pro
1123 2811 1456 2867 coelestem.

195 2922 262 2934 —
295 2896 398 2949 213
430 2893 472 2948 l.
517 2895 582 2948 17
621 2909 848 2946 comma
881 2911 1016 2962 pon.
1051 2902 1186 2962 post
1219 2893 1553 2952 dummodo,

195 3005 266 3018 --·
299 2982 401 3038 216
435 2979 477 3034 1.
513 2981 580 3034 28
617 2979 732 3032 del.
774 2979 835 3031 in
872 2987 1006 3032 ante
1041 2977 1262 3035 deinde.

163 3093 250 3112 -—
291 3067 392 3120 218
425 3065 464 3118 l.
505 3065 537 3118 5
576 3082 802 3118 comma
835 3082 972 3133 pon.
1010 3072 1144 3132 post
1180 3063 1310 3134 qui,
1348 3073 1406 3117 et
1437 3068 1635 3135 12224
1667 3067 1708 3122 l
1740 3069 1777 3124 8
1810 3073 1950 3138 post
1978 3065 2129 3140 quia.

184 3177 252 3189 -
288 3151 392 3205 244
428 3151 468 3201 1.
507 3151 542 3203 6
575 3149 686 3218 leg.
737 3149 963 3201 adulter
996 3165 1102 3217 pro
1141 3149 1391 3202 adultur.

185 3264 254 3274 -
286 3238 389 3293 261
427 3236 468 3287 l.
509 3231 574 3288 14
607 3241 740 3302 post
775 3233 1146 3303 sequentibus
1188 3234 1363 3286 colon
1397 3251 1533 3303 pon.

186 3350 257 3360 --
291 3322 398 3375 262
430 3319 472 3377 l.
507 3323 544 3374 2
577 3318 687 3388 leg.
723 3318 984 3371 mirifice.

185 3434 252 3446 —
291 3406 392 3465 275
429 3405 467 3456 1.
505 3407 573 3459 28
607 3412 738 3472 post
771 3421 850 3456 vs.
893 3403 995 3458 144
1029 3421 1254 3456 comma
1287 3419 1427 3473 pon.

182 3518 252 3529 —
288 3491 394 3544 289
425 3491 467 3546 l.
503 3495 538 3545 8
561 3507 790 3542 comma
823 3506 960 3558 pon.
998 3499 1130 3559 post
1165 3497 1359 3548 notae.

181 3603 253 3614 ——-
286 3577 394 3630 292
426 3574 468 3629 1.
500 3563 543 3628 6
567 3581 700 3644 post
733 3563 902 3642 ἴρπὸς
937 3592 1162 3629 comma
1193 3590 1334 3644 pon.

175 3689 244 3699 —
283 3660 388 3716 305
422 3659 464 3710 l·
503 3661 570 3716 16
604 3670 736 3729 post
771 3661 1158 3714 fertilissimus
1195 3672 1422 3755 οοηιιιιει
1456 3657 1569 3714 del.

176 3773 246 3788 -
282 3746 389 3809 307
424 3745 570 3800 1.17
607 3762 780 3814 quam
813 3763 921 3815 pro
959 3763 1153 3816 quum.

175 3859 244 3871 --
277 3833 382 3886 309
419 3831 456 3884 1.
494 3832 566 3886 22
599 3830 767 3884 nimis
803 3848 911 3899 pro
949 3830 1116 3886 niuis,

173 3947 244 3958 —·
279 3916 383 3972 313
416 3917 456 3967 1.
493 3918 564 3973 23
599 3933 751 3970 mon
784 3932 890 3986 pro
925 3931 1108 3968 more.
