2644 4450
388 291 511 353 ‚108
790 306 795 310 ·
920 284 1003 351 D.
1071 283 1272 345 IUN.
1331 270 1884 378 IUVENAtls

386 460 641 539 Effigies
687 461 856 517 inter
904 469 1138 517 vestras
1182 468 1585 534 statuamque
1634 453 1903 532 Vagelli.
1957 424 1960 445 W

385 579 657 657 Accipe,
708 596 868 656 quae
915 545 1137 635 contra
1181 575 1391 635 valeat
1432 574 1658 635 solatia
1701 572 1904 643 ferre,
2329 577 2456 637 120

385 696 463 756 Et
513 698 630 776 qui
664 716 786 755 nec
834 695 1144 774 Cynicos,
1190 713 1313 755 nec
1358 693 1577 754 Stoica
1620 693 1922 772 dogmata
1967 690 2125 771 legit

384 819 442 877 A
488 816 745 897 Cynicis
792 816 1015 875 tunica
1060 815 1390 888 distantia,
1445 826 1580 875 non
1624 811 1982 892 Epicurum
2049 794 2056 799 ’

386 937 664 1015 Suspicit
709 934 923 1013 exigui
964 935 1212 995 laetum
1255 933 1657 1015 plantaribus
1702 933 1895 993 horti.

391 1054 717 1114 Cui-entur
761 1054 945 1117 dubii
984 1054 1250 1115 medicis
1294 1052 1647 1114 maioribus
1694 1054 1906 1133 aegri,

389 1175 494 1235 Tu
537 1193 771 1235 venam
814 1175 918 1234 vel
963 1173 1281 1255 discipulo
1328 1174 1662 1233 committe
1706 1172 2015 1252 Philippi.
2055 1236 2056 1239 ,
2282 1169 2288 1176 ’
2326 1172 2452 1237 125

366 1288 462 1354 'Sis
503 1294 759 1361 nullum
802 1295 873 1355 in
917 1297 1105 1354 terris
1145 1306 1295 1357 tam.
1329 1291 1704 1355 detestabile
1748 1292 1997 1351 factum

393 1414 723 1486 Ostendis,
767 1398 951 1475 taceo
977 1458 994 1487 ,
1036 1433 1162 1473 nec
1205 1413 1438 1493 pugnis
1483 1411 1752 1505 caedere
1793 1423 2013 1489 pectus

392 1532 488 1592 Te
534 1546 713 1603 vet0,
757 1553 878 1592 nec
921 1535 1117 1613 plana
1158 1533 1397 1597 faciem
1443 1531 1840 1593 contundere
1885 1530 2137 1609 palma,

395 1653 939 1732 Quandoquidem
983 1664 1247 1731 accepto
1293 1652 1653 1713 claudenda
1699 1664 1792 1711 est
1834 1652 2031 1709 ianua
2075 1649 2347 1722 damno,

393 1770 476 1837 Et
519 1775 765 1839 maiore
813 1772 1037 1831 domus
1084 1772 1364 1851 gemitu,
1407 1771 1653 1847 maiore
1697 1769 1988 1847 tumultu
2328 1773 2450 1834 130

392 1890 796 1972 Planguntur
840 1892 1129 1963 nummi,
1177 1911 1372 1970 quam
1416 1890 1659 1951 funera.
1747 1889 1955 1963 Nemo
2003 1889 2297 1951 dolorem

392 2010 613 2090 Fingit
652 2011 728 2069 in
769 2010 895 2069 hoc
944 2029 1125 2081 casu,
1172 2022 1415 2069 vestem
1460 2008 1761 2070 diducere
1805 2029 2127 2071 summam

312 2142 315 2145 ’
397 2129 789 2201 Contentus,
832 2147 1062 2187 vexare
1110 2128 1328 2189 oculos
1360 2128 1635 2190 humore
1684 2114 1962 2191 coacto,

395 2248 696 2307 Ploratur
729 2247 1010 2308 lacrimis
1056 2250 1283 2314 amissa
1325 2252 1613 2329 pecunia·
1647 2252 1832 2311 veris.

395 2367 522 2430 Sed
563 2368 616 2427 si
653 2380 894 2434 mmeta
935 2370 1111 2430 vides
1153 2369 1352 2430 simili
1392 2368 1532 2430 fora
1572 2370 1770 2450 plena
1812 2370 2070 2451 querela
2075 2412 2108 2452 θ
2329 2367 2452 2434 135

395 2487 464 2550 Si
486 2533 502 2561 ‚
547 2488 755 2559 decies
800 2490 981 2550 lectis
1027 2489 1275 2551 diversa
1317 2503 1501 2570 parte
1546 2489 1833 2565 tabellis,

395 2609 579 2669 Vana
618 2610 1000 2689 supervacui
1029 2609 1268 2697 ‘dicunt
1313 2610 1739 2691 chirographa
1780 2610 1977 2690 ligni,

391 2729 623 2809 Arguit
665 2731 954 2809 ipsorum
1000 2749 1152 2808 quos
1196 2730 1413 2816 litera:
1472 2749 1853 2810 gemmaque
1897 2730 2191 2810 princeps

392 2849 921 2928 Sardonychum‚
966 2849 1197 2910 loculis
1243 2868 1404 2929 quae
1451 2850 1806 2910 custoditur
1851 2849 2140 2911 eburnis:

395 2965 554 3034 'Ien’
577 2989 605 3037 ‚·
641 2987 678 3025 o
727 2968 1005 3042 delicias,
1050 2982 1235 3028 extra
1274 2963 1650 3030 communia
1697 2989 1910 3030 censes
2011 3024 2018 3028 .
2331 2972 2452 3034 140

395 3084 821 3146 Ponendum?
868 3089 978 3168 qui
1019 3102 1094 3147 tu
1136 3087 1417 3168 gallinae
1463 3087 1633 3148 finus
1677 3090 1897 3165 albae,
2136 3071 2142 3078 ’

395 3204 728 3266 Nosviles
773 3209 938 3288 pulli
980 3205 1119 3268 nati
1160 3207 1527 3269 infelicibus
1574 3189 1749 3269 ovis?

394 3326 564 3386 Rem
607 3329 838 3406 pateris
882 3329 1209 3389 modicam
1253 3342 1319 3389 et
1363 3315 1679 3390 mediocri
1721 3331 1852 3392 bile
1896 3332 2264 3404 ferendam,

395 3447 463 3507 Si
505 3443 721 3508 flectas
768 3448 984 3507 oculos
1028 3451 1278 3510 maiora
1321 3449 1408 3509 ad
1448 3450 1737 3511 crimina.
1829 3450 2071 3511 Confer

398 3527 809 3630 Conducttim
853 3567 1197 3642 latronem,'
1238 3569 1542 3630 incendia
1587 3561 1827 3629 sulfure
1880 3584 2107 3649 coepta
2151 3619 2162 3632 ,
2329 3565 2455 3632 145

398 3686 607 3762 Atque
654 3687 830 3758 dolo,
877 3657 1116 3767 primos
1163 3709 1365 3767 quum
1406 3691 1602 3749 ianua
1648 3690 1894 3769 colligit
1936 3688 2145 3770 ig'nes:

400 3803 642 3861 Confer
685 3820 747 3863 et
792 3806 934 3877 hos,
983 3808 1212 3866 veteris
1251 3810 1362 3887 qui
1403 3809 1647 3869 tollunt
1690 3811 1960 3890 grandia
2002 3813 2251 3892 templi
2299 3811 2312 3822 ⁸

348 3925 365 3970 ’.
398 3920 641 3982 Pocula
684 3923 1044 3988 adorandae
1088 3926 1397 4006 robiginis
1441 3943 1505 3988 et
1549 3930 1940 4009 populorum
