2644 4450
317 214 491 309 1εέιι
967 207 1793 323 ANNOT,AT10N'ES
1916 313 1923 321 ,
2044 286 2063 315 ,

369 407 572 477 altera
625 398 847 478 locum
893 428 1198 497 occupet,
1263 426 1331 475 at
1384 414 1579 495 tertia
1620 368 1915 477 concutis
1974 384 2210 475 vitiui'n
2262 413 2423 479 scri-

366 532 568 595 bendi
609 546 718 593 est.
749 530 758 537 ’
805 532 1098 597 Alteram
1133 534 1322 619 illam
1363 533 1691 615 concupis,
1734 533 1853 619 etsi
1880 533 1953 595 in
1976 532 2198 595 multis
2228 536 2423 599 codd.

361 655 695 715 inventam
738 666 803 713 et
851 673 889 713 a
931 673 1118 713 sensu
1156 654 1294 734 ipso
1311 698 1329 727 ,
1392 672 1595 733 quum
1638 652 1719 713 de
1764 654 1925 713 votis
1968 666 2197 734 agatur
2210 699 2229 727 ,
2290 668 2424 715 sta-

359 772 542 847 §ssiri
581 775 784 835 visam
801 819 818 847 ,
877 773 1124 835 idcirco
1165 773 1569 853 interpretes
1588 772 1985 847 reiecerunt,
2030 773 2181 852 quia
2216 773 2422 833 modo

363 892 668 971 cupimus
693 892 1040 975 praecedat
1082 905 1148 953 et
1169 892 1363 953 lectio
1406 892 1695 977 concipis
1722 892 2091 979 exquisitio?
2128 893 2229 953 sit.
2288 892 2423 955 Re·-

365 1024 498 1085 cte,
545 1030 936 1093 quamquam
976 1012 1112 1085 illi,
1158 978 1499 1121 quomodo
1530 1010 1691 1079 haec
1736 1010 2113 1091 explicanda
2157 1014 2259 1087 sit,
2298 1033 2421 1073 ne-
2503 1020 2511 1027 ‘

363 1132 597 1203 sciunt,
641 1130 928 1213 adeoque
944 1130 1239 1213 Ruperto
1283 1133 1357 1193 in
1386 1130 1594 1191 verbis
1614 1129 1774 1213 quid
1794 1144 1939 1192 tam
1969 1130 2213 1191 dextro
2234 1133 2421 1213 pede

357 1250 657 1331 concipis
677 1252 992 1313 mendum
1032 1252 1234 1313 latere
1274 1250 1550 1321 videtur.
1637 1249 1843 1330 Negat
1874 1261 2051 1309 recte
2078 1250 2211 1314 dici
2252 1252 2419 1313 dex-

359 1382 468 1429 tro
501 1370 676 1453 pede
702 1372 1076 1450 concipere,
1132 1389 1362 1431 eorum
1405 1370 1801 1453 expositione
1842 1368 2069 1443 falsus,
2114 1370 2228 1449 qui
2270 1390 2417 1429 con-

361 1489 586 1567 cipere
631 1485 710 1548 de
753 1452 948 1563 votis,
1010 1500 1177 1573 ‘quae
1235 1489 1457 1549 animo
1514 1489 1619 1548 vel
1675 1456 1851 1549 certa
1892 1486 2241 1551 verborum
2285 1487 2415 1559 for·

359 1606 540 1667 mula
581 1608 1041 1692 comprehensa
1085 1609 1570 1689 exprimuntur,
1632 1609 1961 1691 peculiare
2005 1608 2270 1696 yerhum
2316 1582 2411 1667 di-

363 1738 616 1801 cerent,
676 1739 752 1789 ut
790 1748 1024 1811 preces
1063 1728 1407 1807 concipere
1443 1724 1669 1789 senec,
1714 1727 1950 1792 Tmad,
2002 1730 2186 1791 1100.
2238 1724 2405 1803 Her-

362 1846 492 1911 cul.-
531 1846 680 1907 Fur.
725 1849 874 1911 926.
963 1844 1066 1911 Ita
1110 1866 1261 1907 vero
1305 1861 1430 1907 nec
1450 1858 1663 1955 potest
1686 1846 1816 1923 hic,
1859 1867 1982 1911 nec
2025 1846 2215 1915 debet
2238 1847 2413 1909 istud

359 1966 750 2027 vocabulum
797 1968 967 2079 capi.
1013 1984 1137 2047 qua
1179 1979 1494 2073 potestate
1521 1986 1661 2059 non
1700 1979 1841 2031 tam
1876 1965 2057 2028 nude
2082 1967 2261 2049 poni,
2302 1965 2415 2039 sed

359 2082 510 2147 addi
555 2081 829 2147 debebat
871 2100 1114 2146 votum.
1205 2066 1564 2169 Concipere
1608 2086 1674 2147 h.
1717 2087 1762 2146 l.
1807 2087 2019 2170 potius
2075 2100 2170 2163 est
2209 2086 2413 2163 susci:

329 2244 340 2259 Ι
355 2224 550 2286 pere,
609 2202 1139 2266 confirmantibus
1197 2205 1405 2284 hanc
1422 2207 1927 2290 explicationem
1968 2205 2195 2268 verbis.
2236 2219 2315 2266 ut
2346 2175 2433 2268 te*

357 2337 630 2387 conatus
671 2341 801 2386 non
851 2324 1197 2404 poeniteat
1242 2329 1508 2407 votique
1545 2343 1831 2409 peractz.
1915 2326 2095 2419 Quae
2134 2323 2412 2424 quidem

354 2445 482 2515 vis,
541 2445 690 2526 quia
731 2424 1110 2525 concipere,
1171 2443 1274 2506 vel
1335 2447 1552 2524 addito
1611 2450 1719 2511 vel
1774 2448 2029 2510 omisso
2059 2466 2121 2510 v.
2178 2444 2407 2522 anirno

299 2641 308 2656 ι
351 2564 483 2624 sive
526 2578 760 2641 mente,
805 2565 1126 2644 cogitare,
1167 2567 1485 2630 meditari
1526 2567 1860 2650 significat,
1904 2565 2213 2628 facillime
2250 2537 2417 2640 inde

355 2679 699 2745 derivatur.
786 2683 915 2744 Sed
959 2683 1294 2747 difficultas
1338 2709 1416 2748 ex
1472 2689 1665 2772 paulo
1721 2686 2115 2762 inusitatiori
2178 2682 2417 2778 verbp-

351 2822 502 2863 rum
545 2804 787 2864 dextro
831 2803 1007 2894 pede
1051 2807 1398 2886 concipere
1439 2809 1902 2906 compositione
1960 2807 2169 2868 oritur
2220 2823 2417 2866 nova.

347 2919 796 2982 Observabant
837 2921 1119 2986 Romani
1161 2925 1244 2986 ad
1269 2945 1412 2986 rem
1455 2928 1739 3036 aliquam
1767 2923 2272 3008 perficiendam
2252 2925 2415 2986 itun

353 3037 653 3100 dextrum
695 3042 948 3123 pedem
972 3047 1403 3128 praeponere,
1458 3058 1523 3107 et
1578 3049 1632 3108 si
1676 3048 1811 3144 quis
1854 3047 2189 3106 sinistrum
2228 3062 2409 3125 prae-

349 3159 577 3233 ferret,
619 3160 780 3222 mali
825 3165 1057 3255 ominis
1101 3163 1446 3244 putabant,
1494 3179 1568 3228 ut
1612 3167 1771 3230 adeo
1808 3156 2071 3232 ¹nollent
2110 3163 2231 3224 sibi
2268 3161 2409 3220 lae·

351 3299 507 3341 vum
550 3279 842 3342 calceum
882 3301 1000 3362 pro
1045 3282 1269 3343 dextro
1309 3285 1565 3358 induci,
1612 3286 1786 3366 quod
1826 3284 2164 3347 Suetonius
2206 3299 2262 3340 c.
2310 3282 2423 3344 92*

348 3413 415 3460 et
457 3399 623 3462 Plin.
667 3401 802 3464 lib.
831 3400 930 3475 Π,
975 3419 1112 3484 cap.
1159 3407 1220 3467 7.
1265 3402 1346 3462 de
1391 3405 1675 3484 Augusto
1716 3415 2011 3464 narrant
2088 3399 2262 3460 Hinc
2308 3399 2413 3462 di-

345 3521 590 3580 ctiones
633 3521 876 3582 dextro
909 3523 1084 3601 pede
1110 3524 1232 3596 ire,
1275 3523 1489 3592 adite,
1530 3522 1892 3603 proficisci,
1936 3522 2201 3585 venire.-
2245 3519 2409 3579 hinc

349 3633 590 3696 dexter
611 3660 750 3724 pes,⁸
781 3640 1031 3704 dextra
1056 3644 1457 3750 progressio,
1484 3641 1727 3704 dexter
1736 3661 2012 3742 gtsessus
2040 3640 2225 3700 fausti
2238 3617 2411 3701 omi-

343 3753 636 3840 nis3erat,
669 3757 911 3822 laevus
939 3761 1530 3842 gradus,·s1'nistetj
1552 3782 1692 3844 pes,
1726 3761 1905 3822 mali.
1992 3757 2226 3840 Appul.
2257 3755 2417 3816 Me-

344 3873 498 3956 !am·
541 3871 592 3933 1·
641 3874 815 3954 Saed2
856 3893 932 3940 ut
945 3879 1126 3964 fieri
1157 3881 1453 3974 ‘assolet3
1510 3883 1781 3955 sinistro
1818 3875 1993 3962 pede
2028 3895 2136 3962 me
2174 3874 2413 3960 profe-
