2644 4450
845 346 1370 410 SATIRA
1454 341 1575 413 VI.

198 521 332 601 Qui
356 540 545 601 grege
575 519 853 599 linigero
885 520 1317 580 circumdatus
1348 532 1414 579 et
1428 520 1626 601 xgrege
1655 520 1835 583 calvo

190 640 567 721 Plangentis
595 639 821 731 populi
852 643 1051 699 currit
1072 641 1315 700 derisor
1348 640 1611 702 Anubis,
1967 608 1994 666 ‘⁴

188 760 312 820 Ille
349 762 516 841 petit
552 760 811 822 veniam
827 806 843 832 ,
892 762 1139 839 quoties
1164 780 1300 820 non
1339 759 1615 819 abstinet
1643 778 1806 819 uxor

192 879 575 938 Concubitu
598 880 787 938 sacris
810 846 1350 961 observandisque
1391 878 1614 939 diebus
1631 924 1648 952 ‚

186 998 563 1078 Magnaque
596 996 867 1057 debetur
893 998 1137 1059 violato
1178 1018 1388 1079 poena
1417 999 1714 1081 cadurco.

188 1118 275 1177 Et
310 1119 583 1179 movisse
612 1102 806 1195 c'aput
838 1118 968 1175 visa
1000 1129 1093 1177 est
1136 1132 1438 1199 argentea
1469 1138 1758 1199 serpens·

185 1236 375 1297 Illius
404 1237 711 1296 lacrimae
740 1230 1177 1317 meditataque
1214 1257 1550 1299 murmura
1585 1250 1983 1319 praestant,

185 1354 317 1414 Ut
327 1357 573 1415 veniam
604 1356 831 1453 culpae
856 1376 993 1415 non
1026 1356 1300 1431 abnuat,
1347 1380 1570 1419 ansere
1607 1378 1846 1441 magno

184 1474 453 1546 Scilicet
478 1488 543 1535 et
580 1477 763 1535 tenui
790 1495 1047 1564 popano
1078 1492 1414 1559 corruptus
1446 1480 1664 1541 OsiriS.

186 1594 417 1673 Quum
450 1595 625 1674 dedit
654 1596 766 1655 ille
793 1596 1015 1655 locum
1040 1614 1055 1653 z
1116 1596 1396 1675 cophino
1425 1598 1742 1677 foenoque
1773 1600 2001 1659 relicto
2055 1620 2095 1627 ’·

178 1713 517 1772 Arcanam
543 1714 785 1773 Iudaea
820 1726 1107 1773 tremens
1132 1712 1463 1771 mendicat
1502 1714 1575 1771 in
1618 1730 1876 1786 aurem,

178 1833 519 1908 Interpres
546 1831 771 1909 legum
796 1828 1211 1910 Solymarum
1236 1842 1303 1888 et
1343 1849 1582 1910 magna
1614 1830 1906 1891 sacerdos

174 1951 463 2011 Arboris
492 1968 569 2008 ac
602 1950 839 2009 summi
868 1946 999 2008 fida
1026 1948 1429 2010 internuntia
1461 1952 1644 2013 coeli.

170 2069 433 2151 Implet
463 2082 527 2128 et
554 2069 671 2133 illa
695 2088 998 2141 manum,
1043 2068 1153 2127 sed
1188 2071 1470 2149 parcius:
1515 2090 1660 2131 aere
1685 2072 1944 2147 minuto

178 2190 687 2271 Qualiacunque
729 2189 897 2250 voles
922 2188 1145 2266 Iudaei
1188 2190 1438 2252 somnia
1471 2190 1778 2266 vendunt.

176 2311 480 2390 Spondet
516 2322 870 2370 amatorem
894 2321 1197 2370 tenerum
1240 2310 1346 2370 vel
1371 2311 1581 2372 divitis
1615 2313 1810 2374 orbi?

176 2429 682 2488 Testamentum
718 2430 975 2509 ingens,
1024 2429 1268 2493 calidae
1294 2431 1610 2510 pulmone
1657 2431 2002 2510 columbae
2077 2483 2083 2489 .

176 2549 495 2610 Tractato
515 2593 531 2621 ‚
577 2549 921 2628 Armenius
970 2549 1075 2606 vel
1087 2549 1580 2630 'Commagenus
1609 2549 1958 2630 haruspex:

178 2669 458 2726 Pectora
488 2669 822 2748 pullorum
854 2667 1200 2726 rimabitur
1218 2711 1235 2738 ‚
1284 2681 1434 2724 exta
1466 2667 1718 2740 catelli,

180 2787 531 2846 Interdum
564 2798 628 2846 et
658 2786 875 2864 pueri:
922 2784 1149 2856 faciet,
1196 2785 1368 2864 quod
1398 2783 1644 2844 deferat
1677 2787 1831 2866 ipse.

182 2883 189 2895 ¹
318 2905 661 2966 Chaldaeis
691 2905 801 2963 sed
826 2905 1037 2963 maior
1064 2906 1184 2964 erit
1216 2904 1484 2966 fiducia:
1532 2905 1842 2986 quidquid

180 3025 443 3108 Dixerit
472 3025 856 3105 astrologu3‚
904 3024 1165 3084 credent
1204 3045 1239 3084 a
1278 3017 1479 3085 fonte
1501 3023 1785 3085 relatum
1955 3021 1994 3080 α’

176 3145 573 3204 Hammonis
591 3187 608 3216 ‚
655 3143 961 3223 quoniam
988 3143 1259 3226 Delphis
1294 3144 1555 3204 oracula
1588 3153 1835 3204 cessant
1919 3179 1928 3188 ·

174 3262 268 3323 Et
299 3283 499 3345 genus
542 3241 907 3322 humanum
937 3263 1203 3344 damnat
1232 3264 1440 3346 caligo
1473 3263 1694 3328 futuri.

173 3382 575 3461 Praecipuus
604 3393 829 3442 tamen
870 3395 963 3442 est
990 3382 1259 3454 horum,
1304 3384 1417 3464 qui
1447 3386 1694 3464 saepius
1723 3383 1943 3454 exsul,

178 3501 385 3561 Cuius
418 3501 704 3560 amicitia
738 3501 1283 3582 conducendaque
1320 3501 1566 3562 tabella

176 3620 461 3700 Magnus
502 3620 661 3680 civis
680 3621 817 3682 obit
854 3634 919 3680 et
946 3619 1328 3682 formidatus
1361 3620 1628 3682 Othoni.

174 3738 345 3799 Inde
374 3738 535 3799 :fides
564 3741 750 3815 artis,
794 3742 1011 3808 sonuit
1037 3742 1091 3802 si
1127 3739 1393 3802 dextera
1415 3739 1590 3815 ferro
1651 3824 1660 3835 ι

173 3860 552 3941 Laevaque‚
597 3861 649 3922 si
678 3861 871 3942 longo
905 3861 1366 3922 castrorum-in
1389 3876 1647 3924 carcere
1673 3857 1927 3924 mansit.

185 3980 403 4042 Nemo
432 3981 927 4042 mathematicus
958 3981 1225 4060 genium
1246 3977 1662 4040 indemnatus
1687 3974 1984 4040 habebitz

1200 4171 1211 4204 1

2129 758 2264 825 586

2131 1352 2260 1423 ⁵40

2127 1948 2254 2017 545

2127 2548 2256 2616 ⁵50

2119 3135 2248 3207 656

2109 3735 2239 3804 560
