2644 4450
362 272 451 347 so
510 338 517 343 ,
942 266 1026 327 D.
1070 264 1269 330 um.
1312 213 1874 365 I‘UVENALls

368 414 517 506 Una¹
542 437 865 505 laboranti
894 438 1133 517 poterit
1158 456 1530 501 succurrere
1561 437 1780 499 lunae.

328 588 331 592 ·
372 561 656 641 Imponit
684 556 887 617 finem
912 530 1162 637 sapiens
1192 570 1256 619 et
1281 558 1472 619 rebus
1502 558 1804 621 honestis.

368 683 541 765 Nam
570 677 947 759 quae.docta
971 679 1165 737 nimis
1194 679 1374 759 cupit
1403 688 1472 739 et
1505 678 1786 739 facunda
1811 678 2042 751 videri,
2291 655 2424 751 4'45

375 802 577 861 Crure
605 812 791 859 tenus
820 796 1037 858 medio
1065 800 1315 859 tunicas
1345 799 1718 879 succingere
1745 797 1936 857 debet
1953 842 1970 871 ,

374 920 659 981 Caedere
700 893 961 977 Silvano
990 936 1295 997 porcum,
1343 916 1696 997 quadrante
1722 917 1942 977 lavari.

496 1040 645 1099 Non
678 1036 914 1097 habeat
942 1048 1241 1097 matrona
1258 1082 1275 1114 ,
1318 1038 1444 1099 tibi
1473 1056 1633 1119 quae
1662 1038 1884 1099 iuncta
1908 1036 2260 1109 recumbit,

372 1158 656 1218 Dicendi
688 1176 927 1238 genus,
964 1170 1074 1219 aut
1110 1168 1376 1217 curtum
1407 1176 1702 1219 sermone
1733 1146 1944 1217 rbtato

372 1276 699 1356 Torqueat
726 1277 1171 1359 enthymema,
1214 1296 1340 1339 nec
1363 1276 1656 1337 historias
1680 1278 1839 1337 sciat
1866 1296 2118 1335 omnes:
2291 1272 2431 1339 450

374 1396 501 1458 Sed
535 1398 849 1479 quaedam
880 1414 959 1455 ex
985 1395 1165 1455 libris
1195 1408 1261 1457 et
1286 1416 1424 1455 non
1455 1397 1797 1477 intelligat.
1885 1397 2016 1455 Odi

372 1518 561 1586 Hanc
586 1536 705 1599 ego
720 1562 737 1591 ,
783 1534 943 1597 quae
971 1516 1207 1595 repetit
1230 1516 1556 1595 volvitque
1577 1515 1982 1575 Palaemonis
2005 1527 2211 1575 artem
2227 1560 2246 1589 ,

376 1637 641 1697 Servata
668 1656 919 1727 semper
948 1636 1092 1715 lege
1120 1648 1187 1695 et
1208 1636 1460 1695 ratione
1489 1636 1826 1719 loquendi,
1889 1678 1896 1697 ι

284 1746 299 1759 “
372 1757 758 1837 Ignotosque
782 1755 951 1815 mihi
982 1766 1163 1815 tenet
1190 1755 1552 1835 antiquaria
1571 1774 1804 1829 versuS,

372 1877 511 1937 Nec
555 1876 841 1937 curanda
864 1875 1015 1933 viris
1039 1876 1263 1953 opicae
1284 1876 1552 1955 castigat
1583 1877 1832 1945 amicae
2161 1858 2165 1863 ⁴
2295 1872 2428 1939 455

374 1994 604 2084 Verba.
694 1964 1161 2085 Soloecismpm
1182 1992 1378 2075 liceat
1403 1993 1623 2053 fecisse
1645 1995 1899 2053 marito.

504 2118 613 2175 Nil
637 2137 773 2177 non
802 2114 1125 2195 permittit
1151 2111 1389 2172 mulier
1417 2112 1573 2186 sibi,
1616 2126 1804 2193 turpe
1841 2126 2027 2193 putat
2053 2115 2185 2188 nil,

377 2236 600 2315 Quum
630 2237 864 2298 virides
891 2250 1175 2315 gemmas
1202 2232 1371 2303 collo
1403 2233 1828 2294 circumdedit
1859 2247 1925 2292 et
1953 2253 2153 2314 quum

374 2357 655 2416 Auribus
692 2355 961 2415 extensis
988 2371 1255 2434 magnos
1285 2354 1608 2414 commisit
1633 2352 1967 2424 elenchos„
2110 2423 2119 2436 κ

372 2474 851 2562 ξιηώετεὼίῌης
878 2472 1049 2536 nihil
1076 2485 1201 2547 est,
1244 2493 1439 2554 quam
1478 2472 1724 2539 femina
1750 2473 1942 2534 dives.
2295 2476 2428 2540 460

372 2561 631 2654 Interea
642 2592 836 2657 foeda.
862 2594 1173 2676 adspectu
1186 2585 1583 2674 ridendaque
1597 2594 1810 2654 multo
1883 2594 1900 2662 J

370 2711 549 2774 Pane
574 2727 787 2776 tumet
822 2714 1016 2776 facies
1036 2759 1055 2790 ,
1100 2726 1214 2780 aut
1243 2715 1510 2796 pinguia
1533 2713 1918 2796 Poppaeana

372 2830 585 2910 Spirat
601 2875 619 2902 ,
662 2845 728 2890 et
754 2831 1154 2896 hinc-miseri
1178 2835 1505 2897 viscantur
1539 2834 1722 2896 labra
1747 2835 1990 2898 mariti.

372 2948 478 3020 Ad,
500 2948 853 3011 moechum
876 2952 1095 3014 veniet
1123 2952 1259 3023 lota
1288 2965 1436 3021 cute
1454 2975 1476 3010 :-
1515 2951 1769 3032 quando
1813 2953 2020 3016 videri

374 3065 535 3128 Vult
559 3065 839 3128 formosa
864 3069 1082 3130 domi?
1126 3069 1665 3154 moechisfioliata
1691 3086 2019 3152 parantur.
2296 3072 2428 3138 465

375 3185 494 3246 His
514 3188 789 3262 emitur,
840 3187 1151 3268 quidquid
1174 3191 1444 3270 graciles
1467 3191 1596 3253 huc
1632 3195 1888 3254 mittitis
1917 3193 2084 3254 Indi.

330 3307 335 3320 “
374 3305 671 3368 Tandem
698 3309 905 3400 aperit
928 3308 1185 3380 vultum
1212 3322 1277 3370 et
1306 3314 1578 3372 tectoria
1600 3315 1814 3394 prima
1841 3315 2124 3394 reponit:

374 3427 613 3509 Incipit
638 3430 925 3513 agnosci,
969 3441 1160 3510 atque
1186 3429 1305 3490 illo
1331 3431 1500 3494 lacte
1527 3431 1814 3506 fovetur,

374 3546 646 3627 Propter
676 3550 849 3630 quod
868 3569 1088 3612 secum
1120 3552 1385 3612 comites
1409 3551 1628 3612 educit
1655 3554 1876 3614 asellas
1894 3597 1912 3626 ‚
2011 3556 2018 3564 ¹
2623 3635 2625 3638 Α

372 3663 541 3736 Exul
568 3667 1065 3750 Hyperboreum
1088 3673 1143 3732 si
1182 3672 1548 3740 dimittatur
1575 3673 1658 3733 ad
1697 3693 1901 3734 axem.
2305 3677 2438 3738 470
2569 3656 2582 3690 ⁸

374 3779 503 3844 Sed
532 3805 693 3865 quae
718 3794 987 3854 mutatis
1010 3792 1353 3854 inducitur-
1375 3804 1568 3872 atque
1595 3793 1850 3852 fovetur

360 3897 503 3960 Tot
529 3905 1069 3994 medicaminibus
1108 3905 1453 3994 coctaeque
1485 3913 1748 4018 siliginis
1767 3910 1934 3980 *offas
