2644 4450
27 565 68 763 ζ’

27 862 32 1009 ἱ

334 232 381 251 ““
852 257 1377 323 SAT-IRA
1462 258 1661 351 115.=
2165 260 2250 329 15

205 435 284 495 Et
328 453 483 516 quos
524 433 870 515 praecipue
912 432 1193 514 fugiam,
1234 432 1598 513 properabo
1637 431 1859 507 fateri,

198 556 331 617 Nec
374 554 589 635 pudor
634 552 931 613 obstabit.
1016 552 1167 613 Non
1210 570 1468 633 possum
1509 551 1679 613 ferre
1700 598 1718 627 ,
1763 552 2076 631 Quirites,
2163 554 2258 617 60

202 674 523 735 Graecam
568 643 825 733 urbem:
871 673 1159 753 quamvis
1206 684 1404 751 quota
1443 674 1654 752 portio
1697 671 1890 733 faecis
1921 673 2210 735 Achaei?

191 795 334 855 Iam
379 794 639 875 pridem
680 792 875 875 Syrus
916 794 993 853 in
1034 791 1161 852 Tib
1170 794 1336 851 erim
1379 790 1646 851 defluxit
1691 792 1966 855 Orontes

192 914 271 972 Et
314 914 617 993 linguam
662 925 727 974 et
766 930 981 971 mores
1006 924 1091 971 et
1138 930 1289 971 cum
1331 911 1602 971 tibicine
1645 910 1916 973 chordas

188 1034 505 1113 Obliquas
546 1051 672 1091 nec
715 1050 853 1091 non
894 1031 1165 1112 gentilia
1203 1027 1518 1111 tympana
1558 1050 1780 1093 secum
1811 1076 1820 1088 ,

186 1154 387 1213 vexit
446 1164 513 1211 et
574 1150 657 1211 ad
700 1150 968 1212 Circum
1020 1153 1215 1211 iussas
1272 1164 1560 1233 prostare
1615 1152 1883 1233 puellas.
2163 1152 2252 1221 65

190 1272 299 1331 Ite
316 1317 335 1345 ,
380 1270 607 1353 quibus
650 1282 833 1353 grata
876 1284 971 1331 est
1018 1273 1194 1352 picta
1238 1273 1394 1354 lupa
1435 1271 1712 1357 barbara
1751 1274 1968 1334 mitra.
2082 1298 2096 1313 ·

194 1390 493 1452 Rusticus
535 1392 651 1451 ille
693 1404 843 1451 tuus
885 1393 1083 1474 sumit
1124 1393 1550 1473 trechedip'na
1563 1438 1580 1469 ,
1629 1392 1924 1472 Quirine,

188 1512 273 1572 Et
317 1512 711 1571 ceromatico
754 1510 883 1571 sert
925 1512 1237 1575 niceteria
1280 1513 1472 1575 collo,

182 1631 311 1690 Hic
344 1630 481 1691 alta
506 1630 816 1711 Sicyone,
862 1644 961 1693 ast
982 1630 1094 1691 hic
1130 1631 1474 1708 Amydone
1513 1632 1776 1705 relicta,

182 1738 309 1811 Hic
342 1750 595 1822 Andro,
612 1792 619 1799 -
639 1750 757 1809 ille
787 1748 985 1807 Samo
1005 1790 1023 1819 ,
1064 1746 1173 1805 hic
1201 1746 1526 1809 Trallibus
1571 1722 1686 1807 aut
1717 1748 2090 1823 Alabandis,
2173 1754 2258 1815 ’10

182 1869 517 1951 Esquilias
550 1866 923 1945 dictumque
947 1878 1180 1947 petunt
1204 1886 1243 1926 a
1270 1866 1516 1927 vimine
1551 1868 1790 1927 collem
1805 1912 1824 1943 ,

183 1989 458 2051 Viscera
490 2004 877 2066 magnarum
918 1985 1233 2047 domuum
1278 1984 1653 2067 dominique
1681 1986 1908 2049 futuri.

182 2108 541 2190 Ingenium
570 2106 757 2167 velox
770 2150 787 2179 ,
834 2104 1124 2167 audacia'
1142 2106 1418 2186 perdita,
1461 2124 1672 2167 sermo

184 2231 525 2302 Promtus,
572 2239 637 2286 et
675 2224 853 2286 Isaeo
890 2227 1255 2303 torrentior,
1345 2225 1516 2300 Ede,
1563 2229 1718 2308 quid
1749 2229 1946 2323 illum

184 2350 341 2410 Esse
368 2347 596 2429 putes?
642 2349 929 2427 quemvis
944 2346 1281 2408 hominem
1310 2367 1534 2408 secum
1564 2349 1802 2410 admlit
1827 2351 1910 2412 ad
1933 2369 2078 2412 nos:
2165 2348 2254 2416 75

192 2467 707 2541 GrammaticuS,
750 2466 975 2528 rhetor
991 2511 1009 2542 ,
1055 2482 1412 2548 geometres
1428 2513 1446 2543 ,
1489 2471 1702 2548 pictor
1723 2513 1742 2544 ‚
1789 2469 2050 2551 alipteS,

193 2589 447 2668 Augur,
492 2586 989 2661 schoenobates,
1032 2587 1322 2648 medicus
1340 2632 1358 2662 ,
1402 2607 1658 2666 magus:
1705 2591 1924 2651 omnia
1945 2591 2150 2654 novit.

198 2706 555 2767 Graeculus
584 2707 864 2770 esuriens
902 2706 979 2764 in
1020 2704 1277 2763 coelum
1292 2748 1313 2778 ,
1355 2705 1606 2765 iusseris
1619 2747 1636 2778 ,
1677 2704 1820 2764 ibit.

199 2826 299 2886 Ad
321 2843 669 2900 summam,
708 2844 847 2884 non
871 2823 1143 2908 Maurus
1169 2835 1309 2884 erat
1338 2842 1550 2904 neque
1573 2821 1864 2885 Sarmata
1875 2843 2000 2886 nec
2015 2825 2250 2900 Thrax,

197 2945 327 3028 Qui
351 2946 582 3006 sumsit
606 2964 848 3026 pennas
866 2987 883 3018 ,
929 2945 1158 3006 mediis
1186 2943 1304 3019 sed,
1322 2949 1513 3005 natus
1538 2943 1828 3006 Athenis.
2129 2962 2141 2998 ·'
2166 2949 2256 3012 80

192 3065 449 3126 Horum
478 3085 597 3147 ego
627 3084 763 3124 non
788 3060 1037 3146 fugi'am
1066 3064 1450 3146 conchylia?
1494 3062 1606 3124 Me
1629 3065 1808 3144 prior
1831 3063 1952 3139 ille

145 3174 166 3191 ’
194 3185 521 3267 Signabit,
566 3157 890 3266 fultusque
924 3198 1067 3246 toro
1104 3186 1378 3249 meliore
1420 3183 1758 3252 recumbet
1811 3246 1820 3262 ,

194 3306 518 3366 Advectus
548 3305 829 3366 Romam
849 3348 866 3378 ,
914 3325 1040 3385 quo
1068 3323 1277 3384 pruna
1308 3317 1386 3366 «et
1415 3317 1678 3366 cottana
1697 3303 1946 3364 vento?

196 3424 415 3504 Usque
442 3424 602 3484 adeo
630 3424 801 3484 nihil
830 3437 955 3498 est,
1002 3424 1173 3504 quod
1200 3437 1420 3504 nostra
1443 3423 1722 3484 infantia
1748 3425 2006 3485 coelum

194 3544 431 3604 Hausit
460 3545 769 3604 Aventini
804 3543 967 3604 baca
997 3545 1257 3606 nutrita
1282 3543 1559 3604 Sabina?
2147 3543 2256 3612 ’85

199 3663 375 3742 Quid
392 3709 409 3738 ,
458 3664 630 3743 quod
660 3664 967 3724 adulandi
997 3683 1151 3745 gens
1192 3663 1692 3743 prudentissima
1726 3663 1951 3724 laudat

200 3782 581 3844 Sermonem
610 3775 891 3858 indocti,
934 3783 1171 3858 faciem
1202 3781 1504 3847 deformis
1534 3785 1760 3858 amici,
1807 3803 1818 3808 ·

201 3902 286 3962 Et
328 3905 600 3985 longum
634 3904 906 3967 invalidi
934 3903 1178 3966 collum
1224 3902 1574 3966 cervicibus
1617 3915 1852 3992 aequat

418 4084 463 4104 x
