2644 4450
866 251 910 311 S
955 252 1005 311 A
1052 248 1121 311 T·
1156 240 1291 309 I‘R*
1337 251 1400 311 A·
1479 248 1694 317 VIII.
2205 262 2286 323 71

226 422 455 483 Currit
468 467 486 495 ‚
528 419 879 481 Idumaeae
922 398 1368 503 Syrophoenix
1409 424 1624 485 incola
1645 437 1901 507 portae,
1979 438 1986 447 “
2165 420 2290 493 160

222 542 517 621 Hospitis
564 538 805 601 affectu
849 540 1189 604 dominum
1230 554 1576 623 regemque
1619 545 1854 611 salutat
1873 590 1890 619 ,

226 662 315 721 Et
359 680 511 727 cum
548 653 775 732 'venali
820 660 1058 741 Cyane„
1082 657 1408 738 succincta
1451 664 1698 743 lagena.

356 780 677 873 Defensor
716 782 951 863 culpae
992 782 1167 843 dicet
1208 781 1404 861 mihi,
1449 784 1718 844 fecimus
1757 780 1838 845 et*
1867 802 1984 843 nos

227 902 409 995 Haec
452 902 739 961 iuvenes.
822 900 1005 963 Est-o:
1050 894 1285 967 desisti'
1308 926 1581 987 nempe,
1625 914 1748 965 nee
1789 894 1961 965 ultra

227 1022 471 1081 Fovisti
514 1039 818 1083 errorem.
904 1016 1109 1083 Breve
1152 1028 1275 1101 sit,
1310 1026 1494 1107 -quod
1520 1016 1813 1105 :turpiter
1847 1024 2066 1086 audes.
2161 1027 2283 1093 165

228 1142 569 1221 Quaedam
614 1138 765 1201 cum
808 1144 1021 1224 prima
1062 1136 1434 1207 resecentur
1491 1146 1766 1205 crimina
1809 1144 2025 1213 barba.

227 1262 503 1343 Indulge
546 1263 807 1323 veniam
848 1266 1081 1345 pueris.
1165 1266 1522 1327 Lateranus
1567 1266 1650 1325 ad
1692 1264 1837 1325 illos

234 1380 663 1443 Thermarum
690 1378 939 1444 ‘calices
979 1387 1412 1467 inscriptaque
1461 1388 1665 1447 lintea
1709 1378 1888 1445 vadit
1901 1430 1919 1458 ,
1945 1372 1978 1418 ‘·
2037 1356 2046 1363 .

230 1498 525 1561 Maturus
566 1502 741 1563 bello
756 1550 777 1579 ,
820 1496 1171 1585 Armeniae
1198 1496 1562 1587 Syriaeque
1603 1506 1862 1565 tuendis
1909 1494 1916 1503 ⁸

227 1618 545 1679 Amnibus
587 1634 655 1681 >et
680 1624 913 1682 Rheno
942 1634 1135 1701 atque
1163 1625 1345 1683 Istro,
1389 1624 1722 1681 Praestare
1745 1625 2074 1683 Neronem
2162 1630 2287 1689 170
2335 1611 2340 1622 ¹

222 1738 543 1803 Securum
586 1741 761 1799 valet
804 1741 968 1797 haec
1013 1750 1235 1797 aetas..
1269 1738 1464 1829 Mitte
1509 1742 1688 1812 ostia,
1733 1740 1984 1811 Caesar,

220 1858 461 1918 Mitte:
504 1854 617 1915 sed
656 1859 731 1918 in
773 1874 1010 1938 magna
1038 1846 1346 1938 flegatum'
1385 1876 1622 1939 quaere
1665 1859 1927 1941 popina.

218 1972 551 2037 In-vehies·
570 1976 785 2059 aliquo
832 1997 985 2039 cum
1026 1976 1396 2059 percussere
1437 1980 1798 2053 iacentem,

220 2096 619 2157 Permistum
657 2099 873 2158 ‚nautis
918 2111 1003 2158 et·
1028 2098 1277 2159 furibus
1320 2118 1398 2159 ac
1439 2098 1725 2181 fugitivis
1769 2106 1776 2117 ’
1809 2110 1816 2117 '

222 2214 409 2277 Inter
448 2216 781 2278 carnifices
828 2232 893 2277 et
934 2218 1161 2282 fabros·
1192 2220 1677 2302 sandapilarum
2165 2221 2286 2285 175
2361 2249 2364 2254 ·

220 2338 315 2398 Et
354 2340 702 2418 resupinati
748 2342 1059 2401 cessantia
1102 2351 1418 2422 tympana
1463 2341 1668 2402 Galli:

224 2459 450 2536 Aequa
492 2457 585 2518 ibi
628 2458 922 2532 libertas,
970 2463 1346 2521 communia
1387 2463 1660 2542 pocula,
1705 2460 1908 2520 lectus

224 2577 379 2637 Non
422 2577 583 2637 alius
631 2581 965 2657 cuiquam,
1010 2595 1133 2636 nec
1173 2589 1399 2639 mensa
1437 2581 1752 2640 remotior
1795 2579 1934 2638 ulli.

228 2697 408 2776 Quid
450 2697 644 2756 facias
688 2697 892 2754 talem
935 2681 1193 2777 sortitus
1215 2737 1232 2766 ,
1276 2697 1546 2755 Pontice
1567 2741 1584 2770 ,
1629 2685 1924 2754 servum?

225 2817 486 2896 Nempe
526 2815 602 2874 in
643 2814 941 2874 Lucanos
984 2825 1097 2873 aut
1138 2814 1348 2876 Tusca
1391 2815 1710 2896 ergastula
1751 2817 1990 2876 mittas,
2165 2812 2286 2880 180

224 2939 313 2996 At
354 2957 502 3009 vos,
548 2935 988 3015 Troiugenae,
1034 2935 1213 2996 vobis
1254 2937 1616 3018 ignoscitis,
1663 2948 1748 3010 et,
1793 2955 1956 3016 quae

222 3056 479 3138 Turpia
506 3057 819 3130 -cerdoni,
886 3055 1145 3115 Volesos
1188 3056 1590 3138 Brutumque
1636 3055 1978 3120 decebunt.

230 3175 427 3255 Quid,
473 3177 527 3235 si
570 3195 947 3254 numquam.
973 3174 1131 3234 adeo
1172 3175 1378 3237 foedis
1425 3178 1710 3256 adeoque
1752 3177 2071 3258 pudendis
2114 3233 2122 3242 .

226 3295 495 3356 Utimur
540 3297 883 3376 exemplis,
925 3309 1002 3354 ut
1044 3313 1181 3354 non
1222 3299 1446 3375 peiora
1487 3297 1851 3378 supersint?
1911 3279 1916 3288 Ι

232 3413 596 3476 Consumtis
626 3416 854 3498 opibus
882 3435 1126 3486 vocem,
1166 3415 1580 3496 Damasippe‚
1623 3417 1852 3476 locasti
2165 3411 2287 3481 185

226 3507 513 3616 Sipari0,
573 3537 931 3596 clamosum
952 3551 1191 3612 ageres
1235 3545 1309 3591 ut
1353 3533 1629 3594 Phasma
1673 3534 1934 3594 Catulli.

230 3656 631 3719 Laureolum
670 3656 859 3715 velox
902 3653 1105 3714 etiam
1146 3652 1312 3714 bene
1357 3653 1670 3713 Lentulus
1715 3655 1879 3732 egit,

176 3807 192 3816 ἢ
232 3775 455 3836 Iudice
500 3796 639 3850 me,
685 3777 912 3858 dignus
956 3795 1108 3836 vera
1154 3793 1362 3835 cruce.
1450 3775 1586 3838 Nec
1629 3785 1852 3835 tamen
1891 3775 2018 3858 ipsi

233 3895 531 3975 Ignoscas
575 3859 852 3980 populo:
896 3898 1123 3982 populi
1164 3895 1339 3957 frons
1385 3895 1606 3957 durior
1643 3895 1836 3957 huius
1860 3942 1877 3971 ,
